3322 5738
304 443 345 500 56
634 426 973 495 PHILOSOPHIAE
996 423 1266 492 NATURALIS
1308 419 1419 501 [Mor.
1435 419 1584 491 Caranon.

304 607 365 694 qut
391 628 503 692 eorpus
521 605 632 671 eodem
654 616 794 688 tempore
808 604 841 666 in
855 601 955 687 spatio
968 623 1032 665 non
1047 601 1206 664 resistente
1220 618 1343 662 ornnem
1363 617 1453 659 suurn
1474 617 1588 660 ascen·

304 714 400 779 dendi
413 726 534 796 motum
548 713 689 777 amittere
703 723 818 796 posset,
834 722 870 773 ut
883 708 1071 797 triangulum
1086 709 1117 771 A
1131 730 1153 791 p
1168 707 1202 770 D
1224 706 1264 769 ad
1279 717 1431 769 sectorem
1453 702 1589 769 circula

305 824 513 898 remAtD3
535 818 1081 903 siveutrectaApadarcumAt

348 2892 447 2954 Corol.
464 2899 493 2954 5.
528 2889 585 2953 Est
608 2887 702 2974 igitur
716 2897 847 2969 tempus,
872 2905 935 2968 quo
959 2903 1072 2967 corpus
1094 2883 1126 2947 in
1149 2883 1252 2946 medio
1271 2884 1429 2948 resistente
1442 2883 1588 2949 cadendo

303 2997 496 3062 velocitatem
512 2998 543 3060 A
560 2998 597 3073 P,
618 2994 759 3080 acquirit,
786 2993 825 3057 ad
841 3005 973 3076 tempta,
990 3014 1052 3077 quo
1066 2991 1259 3056 velocitatem
1272 2994 1439 3058 maximam
1455 2996 1487 3059 A
1503 2995 1531 3059 C
1554 2996 1587 3059 in

302 3105 402 3189 spatio
426 3127 491 3168 non
517 3106 675 3168 resistente
701 3103 842 3166 cadendo
867 3102 1026 3187 acquirere
1047 3116 1161 3186 posset,
1190 3104 1223 3188 (¹)
1239 3116 1275 3166 ut
1288 3117 1388 3168 sector
1402 3105 1434 3168 A
1448 3105 1485 3170 D
1499 3105 1532 3169 T
1546 3105 1587 3168 ad

302 3212 491 3299 triangulum
508 3214 537 3275 A
552 3213 586 3276 D
603 3212 648 3275 C:
671 3224 703 3275 et
717 3223 849 3295 tempus,
872 3232 936 3295 quo
950 3209 1144 3274 velocitatem
1167 3212 1281 3295 Apin
1295 3200 1399 3276 medio¹
1420 3213 1587 3277 resistente

301 3318 498 3382 ascendendo
512 3318 609 3403 possit
630 3317 780 3394 amittere,
808 3317 848 3380 ad
870 3329 992 3400 ternpus
1006 3338 1070 3402 quo
1084 3316 1275 3380 velocitatem
1291 3317 1421 3381 eandem
1435 3318 1468 3380 in
1483 3320 1588 3403 spatio

300 3444 364 3486 non
375 3425 535 3491 resistente
544 3424 740 3488 ascendendo
748 3435 852 3507 posset
861 3423 1011 3500 amittere,
1025 3423 1060 3506 (²)
1070 3436 1104 3487 ut
1115 3445 1205 3487 arcus
1217 3426 1246 3487 A
1256 3424 1317 3488 tad
1327 3426 1392 3510 ejus
1405 3437 1587 3512 tangentem

301 3534 331 3597 A
345 3553 377 3616 p.

332 3727 391 3792 (')'
409 3726 925 3788 UtmrorAltTatrrtmutamADc.
958 3723 1075 3788 (ptecflm
1092 3725 1122 3771 sit
1142 3725 1162 3771 A
1182 3726 1220 3773 1²:
1237 3726 1470 3775 AY=APD=
1488 3729 1586 3778 ΑΝ)

301 3793 366 3842 Cum
382 3792 446 3839 enirn
467 3792 489 3837 A
505 3790 526 3837 P
545 3799 647 3849 erponst
665 3789 810 3837 velocitatem
825 3799 929 3848 tempore
958 3790 1072 3836 etAY:
1088 3790 1110 3835 A
1125 3788 1523 3849 C=ATD=sdhaneareanr,
1540 3794 1586 3840 erit

300 3859 325 3904 A
338 3857 361 3903 Τ
373 3856 398 3903 D
410 3855 434 3901 in
442 3854 521 3903 media
531 3853 651 3901 resistente
661 3853 804 3916 acquisitam,
819 3863 926 3900 sumatur
956 3869 984 3900 ex
996 3869 1063 3916 equo
1076 3853 1098 3898 A
1113 3853 1150 3899 P:
1167 3856 1189 3900 A
1199 3854 1219 3901 C
1229 3874 1264 3900 =
1276 3856 1297 3900 A
1308 3855 1329 3903 P
1339 3855 1371 3911 D,
1383 3854 1413 3901 ati
1424 3857 1485 3903 hanc
1495 3872 1583 3909 aream.

301 3920 325 3966 A
335 3920 358 3966 Y
368 3920 420 3966 talis
431 3929 458 3966 at
467 3927 568 3978 exporm
579 3917 721 3965 velocitatem
729 3928 833 3976 tempore
843 3915 925 3964 eodem
956 3916 997 3964 sed
1015 3915 1107 3977 srrmpti
1125 3919 1243 3964 communi
1262 3917 1384 3966 altitudine
1403 3919 1428 3965 D
1442 3918 1468 3966 Η
1480 3930 1516 3967 est
1529 3922 1552 3968 A
1563 3920 1586 3968 1³

300 3981 768 4042 iamedionaareaistenteproductam,
787 3981 925 4041 eteritper
955 3980 986 4028 ad
1008 3982 1113 4029 Ac=
1130 3980 1166 4027 tri.
1187 3982 1380 4031 APDadtri.
1401 3982 1506 4040 Anc,
1526 3999 1586 4048 ergo

301 4044 379 4091 carot.
394 4052 416 4092 a.
437 4048 459 4093 A
474 4045 536 4093 Pati
549 4047 571 4093 A
587 4047 608 4094 Y
620 4055 648 4092 ut
658 4049 683 4094 A
697 4046 718 4092 P
731 4045 807 4097 1),ιά
821 4046 843 4091 A
856 4045 879 4092 T
892 4047 925 4098 1),
957 4060 1010 4092 area
1020 4060 1073 4107 qaae
1084 4055 1183 4104 exponet
1192 4055 1284 4106 tempas
1298 4062 1346 4108 quo
1362 4046 1464 4093 maxima
1475 4047 1586 4096 velocius

298 4121 400 4166 canaque
416 4109 485 4155 etiam
507 4113 528 4157 A
542 4111 563 4158 C
579 4120 680 4170 exponat
693 4108 837 4157 velocitatem
853 4109 926 4156 maai·
958 4109 983 4155 in
1004 4108 1081 4156 madia
1102 4122 1149 4154 non
1171 4109 1291 4157 resistente
1313 4110 1446 4171 acquiritur,
1473 4121 1510 4158 est
1529 4126 1585 4159 area

298 4183 370 4222 mam,
381 4171 425 4217 erit
439 4173 459 4217 A
475 4172 538 4219 rat
550 4174 572 4219 A
588 4174 806 4235 Cutteropasquo
816 4173 878 4234 prior
889 4189 927 4220 ee·
960 4173 982 4219 A
997 4172 1022 4219 1)
1035 4174 1062 4220 C.
1100 4171 1170 4220 Unde
1180 4174 1284 4235 requitur
1294 4171 1356 4235 quod
1368 4174 1487 4234 cnrpusia
1503 4175 1586 4223 medie

299 4232 378 4279 leritas
393 4234 413 4280 A
429 4235 450 4280 Y
467 4235 491 4280 in
502 4234 581 4280 medio
592 4251 639 4283 non
650 4237 769 4283 resistente
779 4236 866 4298 acquiri
885 4252 926 4296 po·
958 4237 1082 4293 resistente,
1098 4236 1240 4284 velocitatem
1258 4238 1382 4285 maximam
1396 4239 1418 4284 A
1432 4237 1585 4299 caoqutme

298 4304 350 4350 test,
369 4294 399 4340 sd
416 4306 572 4358 tempusque
588 4299 698 4346 velocitas
712 4299 815 4346 maxima
827 4301 849 4346 A
865 4300 885 4346 C
901 4301 926 4345 in
957 4300 1061 4347 cadendo
1068 4315 1116 4348 non
1127 4311 1202 4360 pm
1213 4301 1257 4347 nisi
1267 4311 1371 4361 tempore
1382 4300 1478 4348 intinita-
1517 4300 1584 4349 Cum

298 4359 377 4406 medio
387 4360 457 4406 etiem
469 4374 515 4406 nan
524 4360 643 4409 resistente
653 4363 815 4422 acquireretur,
832 4371 856 4408 et
871 4361 925 4408 cum
956 4364 1019 4410 enirn
1031 4365 1058 4411 tit
1072 4366 1092 4412 A
1108 4364 1173 4410 P=
1187 4365 1209 4410 A
1224 4365 1252 4419 C,
1264 4364 1374 4411 coincidit
1392 4364 1417 4411 D
1428 4365 1451 4412 ‘l'
1465 4378 1522 4411 corn
1537 4366 1584 4428 hy-

297 4433 392 4483 tempus
402 4438 449 4484 quo
459 4423 564 4471 celeritas
577 4426 599 4471 A
612 4425 633 4472 Y
643 4426 777 4485 acquiritur,
786 4426 927 4484 exprimatur
956 4428 1056 4487 perbolor
1069 4430 1091 4475 A
1101 4429 1123 4477 Τ
1134 4429 1288 4493 varymptoto
1302 4429 1326 4476 D
1335 4430 1364 4485 C,
1376 4438 1479 4477 essem
1492 4431 1515 4476 Δ
1525 4430 1552 4477 D
1562 4430 1587 4478 'l'

297 4502 426 4548 perarearn
441 4487 540 4543 ATD,
557 4488 637 4534 eritA
652 4487 713 4533 st
727 4489 926 4536 ACutATD
956 4490 1107 4539 titinfiaitus·

296 4553 327 4599 at
345 4566 423 4599 aream
441 4567 495 4613 que
512 4559 616 4610 exponet
637 4561 731 4609 tempus
752 4566 800 4613 quo
821 4552 928 4599 velocitas
992 4555 1025 4617 (²)
1045 4560 1058 4586 ⁹
1082 4560 1113 4606 Ut
1128 4573 1197 4605 arcus
1208 4557 1233 4603 A
1242 4565 1259 4612 t,
1275 4560 1306 4604 ad
1316 4557 1509 4618 ejustnagenters
1527 4561 1583 4620 Ap.

296 4616 398 4663 maxima
408 4615 433 4662 in
445 4615 523 4663 media
535 4629 581 4661 non
599 4615 721 4664 resistetur
735 4614 869 4676 aequiritur,
885 4617 929 4664 ita·
962 4617 1081 4680 Siquidem
1098 4623 1152 4683 (par
1164 4622 1218 4668 Cor.
1229 4620 1267 4681 t.)
1285 4620 1391 4668 velocitas
1404 4624 1455 4682 Ap
1471 4622 1497 4669 ia
1509 4625 1587 4671 metio
