3322 5738
189 444 252 503 268
514 433 856 503 PHILOSOPHIAE
877 435 1148 506 NATURALIS
1193 441 1304 521 [Mor.
1321 442 1485 508 Connon.

189 627 271 692 equs
283 617 425 689 tempore
438 604 551 669 minuti
565 606 657 669 unius
672 607 799 670 secundi
813 606 988 683 descendet,
1011 619 1043 672 et
1056 621 1196 693 tempore
1215 612 1325 676 minuti
1348 614 1485 679 alterius

189 720 319 784 secundi
332 720 497 796 escendet3
519 733 550 784 et
565 722 609 784 sic
624 721 770 805 deinceps
792 722 910 785 vicibus
924 721 1051 785 alteruis
1065 724 1098 785 in
1112 723 1279 786 infinitum.
1325 724 1374 805 (¹²¹)
1393 723 1484 786 Nam

188 828 361 914 pendulum
384 829 501 914 pedum
519 830 579 908 δὴ
599 828 801 915 longitudinis
821 841 963 913 tempore
986 828 1097 893 minuti
1119 830 1210 893 unius
1233 829 1361 893 secundi
1385 827 1484 892 oscil-

187 933 329 1104 lat301.
348 1049 377 1104 3.
400 1038 503 1103 Aucti
518 1051 623 1103 sutem
637 1039 687 1103 vel
700 1039 852 1104 diminuti
873 1039 1070 1126 longitudine
1090 1061 1189 1126 aquae,
1213 1054 1346 1127 augetur
1360 1041 1415 1106 vel
1430 1042 1482 1106 di·

188 1148 339 1210 minuitur
352 1159 475 1230 tempus
488 1146 740 1231 reciprocationis
754 1147 787 1210 in
800 1146 1002 1234 longitudinis
1017 1147 1137 1211 ratione
1156 1148 1389 1233 subduplicetd.

399 1417 655 1483 norosmo
678 1417 785 1482 xuv.
834 1416 1104 1483 nuncnune
1127 1417 1293 1483 xxxvn
1323 1374 1326 1383 ⁴

341 1592 495 1656 Undarum
510 1591 648 1654 velocitas
663 1602 706 1653 est
722 1593 754 1653 in
769 1589 975 1672 subduplicatd
988 1593 1109 1653 ratione
1122 1592 1326 1654 latitudinum.

232 1761 444 1847 Consequitur
459 1782 499 1825 ex
513 1760 744 1825 constructione
761 1760 986 1845 Propositionis
1005 1762 1167 1846 sequentis.

427 2010 710 2077 PROPOSITIO
734 2010 859 2075 XLVI.
906 2009 1161 2075 PROBLEMA
1185 2010 1228 2073 X.

570 2181 712 2247 Invenire
727 2184 909 2246 velocitatem
923 2183 1079 2243 undarum.

228 2353 444 2418 constituatur
463 2352 636 2437 pendulum
651 2355 739 2437 cujus
753 2349 927 2437 longitudo,
943 2349 1024 2413 inter
1037 2359 1189 2432 punctum
1206 2349 1429 2430 suspensionis
1453 2364 1486 2412 et

183 2475 326 2525 centrum
340 2462 549 2538 oscillationis,
566 2472 709 2546 sequetur
722 2458 878 2523 latitudini
890 2457 1061 2521 undarum:
1077 2470 1108 2521 et
1122 2479 1185 2542 quo
1194 2470 1338 2540 tempore
1355 2459 1484 2541 pendu-

82 2626 89 2639 ,
182 2566 249 2629 lum
264 2565 343 2628 illud
357 2565 563 2628 oscillationes
578 2564 716 2650 singulus
730 2563 864 2650 peragit,
888 2561 997 2626 eodem
1012 2561 1106 2624 undae
1120 2561 1355 2648 progrediendo
1372 2562 1485 2627 latitu-

182 2673 289 2738 dinem
303 2695 392 2736 susm
407 2673 635 2757 propemodum
649 2673 826 2737 conficient.

113 2866 114 2870 Ἰ
228 2782 396 2847 Undarum
418 2780 612 2844 latitudinem
635 2802 713 2842 voco
734 2800 912 2843 mensuram
935 2791 1149 2854 transversum,
1176 2799 1245 2862 quae
1268 2777 1320 2841 vel
1344 2779 1488 2842 vallibus

182 2888 263 2965 imis,
280 2887 330 2950 vel
345 2887 473 2949 summis
489 2885 676 2948 culminibus
692 2886 862 2969 interjacet.
907 2884 1062 2970 Designet
1081 2885 1111 2947 A
1127 2883 1156 2946 Β
1172 2882 1200 2946 C
1216 2883 1249 2946 D
1268 2882 1297 2946 E
1313 2883 1343 2946 F
1367 2907 1489 2967 super·

182 2991 288 3056 ficiem
302 3012 392 3075 squae
407 2989 589 3077 stagnantis,
612 2989 705 3054 undis
728 2989 907 3053 successivis
928 2989 1145 3053 escendentem
1160 3008 1196 3050 ec
1211 2986 1488 3065 descendentem

182 3597 305 3683 sintque
321 3599 361 3675 A,
380 3599 418 3674 C,
436 3599 476 3677 E,
492 3599 549 3662 &o
565 3596 722 3661 undarum
737 3597 881 3675 culmino,
898 3609 930 3662 et
941 3598 979 3677 B,
993 3598 1036 3679 D,
1051 3600 1086 3679 F,
1100 3601 1156 3665 &e
1172 3597 1269 3664 valles
1284 3599 1492 3667 intermedii.

184 3702 228 3767 Et
242 3703 389 3788 quonism
403 3716 506 3766 motus
521 3702 677 3765 undarum
687 3701 722 3764 fit
736 3722 793 3785 per
807 3725 897 3788 squae
909 3705 1115 3768 successivum
1127 3727 1290 3768 ascensum
1303 3720 1342 3771 et
1355 3709 1494 3772 descen·

184 3834 265 3889 sum,
289 3814 332 3876 sic
349 3826 383 3876 ut
398 3815 464 3897 ejus
479 3825 584 3896 partes
600 3813 640 3888 A,
660 3811 697 3886 C,
715 3811 753 3887 Ε,
771 3812 828 3875 &c
844 3835 914 3896 quae
929 3835 1012 3877 nunc
1027 3814 1182 3877 altissimus
1198 3827 1281 3890 sunt,
1308 3838 1396 3881 mox
1412 3818 1495 3881 fiunt

183 3914 299 3980 infimae
308 3943 317 3994 3
340 3934 372 3982 et
387 3919 432 3982 vis
447 3919 572 3997 muttire,
597 3917 658 4005 qui
672 3931 776 4001 partes
791 3918 947 3982 altissimae
969 3918 1162 3983 descendunt
1176 3930 1207 3982 et
1221 3920 1352 3984 infimae
1375 3947 1495 3991 ascen·

184 4017 272 4096 dunt,
289 4036 335 4086 est
349 4025 472 4107 pondus
488 4048 578 4112 squae
593 4025 736 4101 elevatae3
759 4024 896 4090 eltemus
912 4026 963 4089 ille
977 4048 1121 4090 ascensus
1136 4039 1167 4090 et
1181 4025 1362 4093 descensus
1378 4032 1496 4096 urulo-

184 4146 242 4211 gus
257 4128 316 4189 erit
331 4133 427 4193 motui
443 4133 605 4216 reciproco
619 4155 708 4218 equae
724 4135 756 4196 in
771 4135 882 4212 csneli,
898 4136 1083 4222 easdemque
1098 4137 1246 4221 temporis
1262 4137 1359 4224 leges
1377 4142 1496 4206 obser-

184 4231 286 4295 vabit:
313 4245 345 4295 et
365 4252 532 4319 propterea
555 4245 624 4322 (per
641 4241 736 4322 Prop.
753 4239 891 4321 XLIV.)
915 4243 941 4305 si
956 4241 1109 4306 distantiae
1130 4245 1211 4307 inter
1230 4242 1402 4309 undarum
1421 4249 1496 4313 loos

185 4340 332 4406 altissima
355 4344 395 4420 A,
414 4346 451 4421 C,
469 4348 498 4408 E
520 4360 552 4411 et
571 4349 679 4410 infima
695 4347 733 4423 B,
751 4348 794 4424 D,
813 4350 849 4426 F,
874 4353 913 4436 (¹¹)
929 4365 1091 4438 sequentur
1104 4352 1210 4436 duplae
1223 4352 1367 4437 penduli
1384 4356 1495 4447 longi·

185 4526 259 4635 unffi)
273 4530 285 4556 '
300 4529 366 4575 Num
374 4529 562 4602 prondtdumpcd.
576 4516 638 4593 δὴ,
648 4543 690 4574 seu
698 4529 749 4588 ped
760 4537 812 4579 Stet
844 4533 929 4582 clinsts
949 4536 1087 4584 habentibus
1108 4535 1217 4583 definivit.
1255 4536 1324 4584 Rem
1351 4544 1496 4604 genu-,lius

184 4588 813 4716 nbtffl'tfitilllllalliffltz
843 4598 1496 4720 wlbff‘dufflidffiw'

187 4716 812 4784 qusmubuerunquwdolibetsdbu'min·
878 4726 1492 4798 (uwmgwfflfflm
