3322 5738
120 401 411 478 'LraeaSacuuu.]
444 396 683 463 PRINClPlA
707 396 1076 463 MATHEMATICA.
1339 409 1401 467 295

119 573 243 658 gabitur
254 596 311 658 per
323 573 423 637 solum
437 576 541 636 adrem
556 591 674 647 verum,
690 568 784 654 idque
798 568 831 629 in
842 567 1055 657 subduplicatri
1068 570 1187 632 ratione
1198 570 1326 633 minoris
1335 592 1401 634 ma·

120 679 217 743 tariae.
264 680 312 744 Ut
332 679 357 741 si
379 677 588 761 atmosphaera
601 687 721 740 constet
742 696 782 739 ex
803 675 910 738 decem
932 676 1074 768 partibus¹
1094 676 1174 738 a‘e‘ris
1200 678 1264 739 veri
1286 689 1317 741 et
1339 677 1400 742 unia

120 801 209 869 parte
234 808 393 869 vaporum,
421 796 523 847 motus
545 803 692 846 sonorum
715 781 844 845 celerior
858 781 917 843 erit
931 781 962 842 in
979 780 1192 864 subduplicatri
1217 784 1335 846 ratione
1360 792 1395 846 ll

118 892 159 955 ad
176 901 226 969 10,
242 891 291 955 vel
305 892 338 953 in
353 889 473 976 integral
489 889 611 952 circiter
626 888 744 951 ratione
760 895 796 950 a]
816 886 856 949 ad
872 893 924 961 20,
948 887 1081 971 quamsi
1095 902 1320 975 propagaretur
1341 911 1399 973 per

119 1001 263 1065 undecim
295 1013 400 1084 partes
429 999 508 1062 aeris
536 999 619 1062 veri:
650 996 782 1081 ideoque
811 1009 913 1059 motus
943 1017 1090 1058 sonorum
1119 1018 1214 1079 supra
1246 997 1396 1076 inventus,

119 1107 279 1193 augendus
294 1106 354 1169 erit
368 1106 401 1167 in
416 1104 476 1168 bric
497 1104 625 1167 ratione.
671 1104 745 1179 Quo
767 1116 858 1186 pacto
883 1124 987 1179 sonus,
1012 1115 1152 1186 tempore
1173 1104 1284 1168 minuti
1306 1107 1397 1171 unius

118 1215 255 1292 secundi,
272 1214 416 1278 conficiet
430 1213 526 1297 pedes
543 1220 635 1276 1142.

165 1321 248 1385 Haec
271 1323 314 1384 ita
328 1343 362 1383 se
376 1319 492 1383 babere
514 1319 629 1383 debent
650 1333 789 1403 tempore
814 1340 910 1382 verno
931 1330 963 1383 et
984 1321 1164 1398 autumnali,
1189 1322 1243 1385 ubi
1266 1327 1320 1388 a'e'r
1340 1346 1398 1408 per

117 1427 251 1491 calorem
267 1440 471 1511 temperatum
485 1424 622 1502 rarescit,
637 1428 670 1488 'et
684 1426 750 1510 ejus
764 1424 809 1487 vis
825 1424 949 1489 elastica
963 1425 1106 1488 nonnihil
1128 1426 1307 1491 intenditur.
1352 1432 1398 1494 At

115 1531 257 1617 hyberno
273 1547 422 1616 ternpore,
445 1532 499 1595 ubi
514 1535 568 1595 ae'r
581 1553 639 1615 per
654 1530 751 1618 frigus
773 1514 989 1608 condensatur,
1013 1545 1044 1595 et
1058 1533 1124 1616 ejus
1140 1532 1185 1594 vis
1200 1532 1326 1597 elastica
1346 1556 1396 1599 re-

114 1639 256 1715 mittitur,
279 1652 381 1702 motu·
396 1661 544 1701 sonorum
560 1637 679 1701 tardior
693 1659 759 1701 esre
774 1637 867 1702 debet
881 1638 913 1700 in
929 1637 1142 1721 subduplicatai
1158 1639 1277 1703 ratione
1292 1640 1395 1705 densi-

114 1747 184 1813 tatis
192 1770 201 1822 ;
225 1759 256 1810 et
270 1746 403 1809 vicissim
417 1747 526 1810 aestivo
541 1759 681 1829 ternpore
696 1744 789 1809 debat
804 1768 870 1810 esse
886 1746 1030 1811 velocior.

159 1853 289 1916 Constat
305 1865 408 1916 auteur
429 1872 487 1934 per
509 1851 722 1933 experimenta
743 1851 827 1935 quod
849 1852 916 1914 soni
938 1865 1078 1937 ternpore
1102 1854 1212 1917 minuti
1234 1856 1325 1919 unius
1346 1879 1395 1920 se·

113 1958 207 2022 cundi
223 1959 327 2022 eundo
342 1957 511 2020 conficiunt
531 1955 628 2039 pedes
651 1955 867 2020 Londinenses
881 1957 951 2041 plus
966 1958 1067 2021 minus
1086 1967 1178 2036 1142,
1204 1960 1394 2029 Parisienses

112 2086 187 2132 vero
208 2074 301 2130 1070.

158 2169 293 2256 Cognitis
323 2191 470 2232 sonorum
499 2170 660 2234 velocitate
689 2170 885 2236 innotescunt
915 2172 1008 2237 etiam
1040 2172 1199 2237 intervalla
1236 2174 1392 2259 pulsuum.

114 2278 154 2360 (¹³)
179 2276 303 2339 Invenit
328 2275 434 2359 utique
460 2275 503 2341 D.
530 2277 677 2353 Sauveur,
708 2275 795 2340 factis
818 2298 837 2339 a
862 2290 896 2339 'se
920 2277 1148 2360 experimentis,
1179 2281 1263 2364 quod
1288 2280 1393 2347 fistula

112 2395 229 2465 aperta,
260 2383 348 2466 cujus
377 2380 540 2467 longitudo
566 2395 612 2445 est
635 2381 750 2466 pedum
775 2383 995 2446 Parisiensium
1018 2384 1089 2467 plus
1113 2386 1214 2448 minus
1244 2387 1391 2473 quinque,

111 2510 222 2551 sonum
244 2487 308 2550 edit
330 2486 467 2571 ejusdem
490 2488 555 2551 toni
578 2511 649 2552 curn
671 2509 747 2551 sono
769 2488 895 2553 chordae
917 2511 987 2575 quar
1011 2503 1149 2574 ternpore
1169 2494 1278 2555 minuti
1301 2495 1392 2558 unius

110 2595 239 2658 secundi
263 2597 298 2679 (⁰)
315 2593 430 2657 centies
452 2595 592 2658 recurrit.
639 2596 720 2659 Sunt
740 2595 835 2682 igitur
855 2594 963 2679 pulsus
987 2596 1058 2680 plus
1084 2598 1185 2661 minus
1208 2611 1333 2662 centum
1357 2599 1391 2663 in

110 2708 209 2791 spatio
231 2706 346 2790 pedum
370 2704 590 2768 Parisiensiunr
608 2713 701 2781 1070,
725 2726 802 2790 quos
823 2727 917 2768 sonus
938 2719 1079 2790 tempore
1100 2707 1211 2769 minuti
1234 2709 1325 2771 unius
1341 2731 1390 2791 se·

110 2814 204 2878 cundi
228 2812 397 2896 percurrit3
424 2811 556 2897 ideoque
577 2811 685 2894 pulsus
706 2832 786 2873 unus
809 2825 940 2895 occupat
954 2811 1088 2894 spatium
1102 2811 1217 2895 pedum
1235 2812 1389 2877 Parisieu-

108 2923 186 2982 sium
204 2920 291 3003 quasi
308 2917 400 2995 l⁰r⁷r2
418 2918 449 2981 id
464 2931 519 2992 est,
536 2916 664 2999 duplam
679 2916 801 2979 circiter
817 2915 1044 3002 longitudinem
1059 2915 1181 2980 fistulae.
1227 2918 1267 3000 (⁶)
1293 2918 1389 2983 Unde

108 3027 281 3091 verosimile
296 3025 442 3111 estquod
458 3024 635 3088 latitudines
651 3024 806 3106 pulsuum,
823 3023 853 3085 in
869 3028 1008 3088 omnium
1022 3040 1199 3109 apertarum
1213 3026 1384 3092 fistularum

109 3137 202 3213 sonis,
226 3148 389 3221 aequentur
403 3134 505 3218 duplis
520 3132 764 3220 longitudinibus
779 3132 960 3196 fistularum.

153 3243 256 3307 Porro
274 3265 331 3307 cur
350 3243 419 3305 soni
438 3252 577 3305 cessante
602 3251 688 3303 motu
714 3239 852 3321 corporis
874 3239 979 3302 sonori
1004 3241 1105 3305 statim
1131 3253 1261 3318 cessant,
1287 3262 1387 3326 neque

106 3349 224 3413 diutius
250 3349 418 3413 audiuntur
439 3348 494 3411 ubi
518 3344 696 3434 longissime
719 3345 869 3409 distamus
891 3369 910 3409 a
932 3348 1112 3430 corporibus
1134 3348 1263 3424 sonoris,
1293 3347 1386 3434 quarn

106 3454 180 3518 clun
194 3454 337 3538 proxime
358 3455 515 3529 absumus,
538 3465 623 3534 patet
638 3473 679 3514 ex
702 3450 876 3515 Corollaria
900 3451 994 3535 Prop.
1011 3451 1154 3516 XLVII.
1179 3452 1267 3516 Libri
1282 3453 1384 3540 hujus.

139 3669 304 3731 (⁸)·1noenr't
320 3671 400 3731 atique
416 3670 449 3717 D.
464 3669 566 3715 Sam
581 3665 606 3712 iu
627 3662 732 3713 Bistonii
762 3678 874 3712 nummu
896 3666 958 3711 1070
978 3676 1019 3723 per
1036 3666 1091 3715 2⁴8,
1112 3659 1189 3720 prodit
1209 3657 1291 3720 pulaur
1311 3657 1382 3705 unius

109 3733 183 3779 Acad.
199 3733 282 3779 Scient.
299 3732 372 3779 Paris.
385 3746 423 3778 au.
440 3735 508 3779 1700.
762 3739 862 3815 lgfitpdo
878 3738 929 3814 ped:
951 3737 1023 3785 pm
1041 3725 1077 3806 ⁴}
1095 3737 1191 3791 einim,
1211 3735 1233 3782 id
1249 3746 1291 3809 gs„
1309 3734 1381 3811 ἀφ’.

139 3835 173 3897 (⁰)
187 3838 200 3864 ⁹
215 3838 302 3883 Centies
314 3837 419 3891 recurrit,
436 3836 480 3882 boc
490 3845 525 3882 ert
535 3846 630 3882 centum
641 3833 731 3882 uacilla-
762 3801 1108 3928 ffffiffffiffiffi
1113 3801 1381 3925 Essguffitmiffsssu'g:

106 3898 731 4009 nunu
762 3929 934 3977 noe
954 3939 1063 3985 ....
1279 3925 1381 3972 am

106 4023 131 4069 in
149 4026 310 4072 Monumentir
328 4025 401 4073 Acad.
418 4026 489 4072 Paris.
502 4040 540 4071 nn.
556 4031 624 4073 1718.
638 4022 728 4070 uacilla-
759 3991 1017 4118 ffiffifflffiw·
1054 3992 1079 4039 si
1089 3990 1224 4038 mlum
1240 3988 1323 4044 Μὴν
1340 4002 1380 4036 ⁰⁰·

107 4089 181 4160 tioner
193 4093 235 4137 101
248 4090 285 4137 rel
298 4095 342 4137 102
355 4103 397 4150 pro
407 4088 511 4152 ejusdem
523 4088 606 4136 fistule
616 4102 674 4134 rouo
684 4101 727 4148 pc·
794 4120 852 4166 Huc
861 4133 934 4180 uque
944 4118 974 4165 de
981 4132 1039 4165 „m
1048 4116 1136 4165 dim
1145 4116 1213 4179 plum
1223 4115 1332 4176 dmm,
1348 4115 1379 4165 d.

105 4160 160 4196 ’ω’
759 4181 845 4230 reflexo
855 4196 929 4244 pauca
938 4180 1086 4246 adjungenda
1095 4193 1157 4229 nanc

136 4248 170 4310 (⁶)
184 4253 197 4279 ⁶
215 4253 281 4298 Unde
291 4255 415 4300 aeroamtk
429 4262 470 4309 ert,
486 4252 528 4299 dec.
561 4250 626 4297 Idem
643 4249 728 4297 oouflr-

107 4323 185 4359 matur
203 4312 249 4360 alio
265 4317 421 4373 experimento
439 4316 541 4378 ejusdem
564 4315 595 4361 D.
616 4315 727 4371 Saureae,

105 4376 146 4436 qui
158 4375 209 4422 loco
225 4391 279 4422 mor
296 4378 365 4424 citato
380 4381 468 4426 invenit
480 4379 543 4442 quod
554 4377 632 4424 fistula
642 4387 727 4438 aperta,
954 4374 1183 4424 PROPOSITIO.

106 4437 173 4499 cujus
192 4439 315 4502 longitudo
332 4450 366 4486 ert
386 4442 472 4500 pedum
494 4443 659 4489 l'arisiensium
676 4442 729 4502 plus

106 4504 184 4547 minus
203 4509 225 4556 ⁴2,
246 4518 331 4550 sonum
350 4503 398 4550 edit
413 4505 516 4566 ejusdem
532 4507 582 4552 toni
600 4520 654 4551 cum
671 4519 728 4553 nono
793 4511 849 4553 820.
875 4505 951 4553 Sonus
968 4504 1092 4566 percipitur
1110 4512 1220 4565 tanquam
1238 4513 1266 4546 οἱ
1283 4512 1312 4545 eo
1328 4496 1381 4544 1⁰0⁰

102 4564 195 4610 chordae
205 4581 259 4628 qua
275 4572 323 4613 24³
339 4566 493 4615 uacillatione:
509 4570 533 4614 iu
584 4586 609 4616 aa
624 4578 727 4629 tempora
759 4571 885 4629 procedens
895 4584 923 4615 ex
935 4584 982 4630 quo
991 4568 1057 4630 quasi
1072 4576 1152 4614 centro
1168 4565 1248 4625 pulsus
1258 4562 1316 4609 a‘e'ria
1326 4576 1380 4622 pro·

102 4629 188 4676 minuti
199 4631 270 4678 unius
280 4629 376 4677 recondi
386 4629 480 4690 perficit.
508 4581 605 4682 [1Εά
612 4632 728 4681 dividatur
758 4644 880 4695 pugnatur.
916 4628 1168 4690 Constaterperieutii.
