3322 5738
113 415 227 480 Lruun
244 413 408 493 Securo]
447 412 687 480 PRINCIPIA
711 414 1081 487 MATHEMATICA.
1336 434 1398 493 199

111 582 226 647 vertice
242 583 281 657 C,
305 605 363 646 axe
380 583 408 645 C
424 584 454 646 A
469 594 501 646 et
515 583 610 647 latere
625 597 710 648 recto
726 584 754 649 C
770 584 799 648 A
813 585 1014 669 descriptum,
1039 602 1072 653 et
1093 590 1226 657 solidum
1241 594 1396 677 posterius

111 702 158 752 est
172 687 332 772 cylindrus
345 687 538 771 paraboloidi
553 689 812 774 circumscriptus,
829 692 873 774 (γ)
889 705 921 756 et
935 706 1043 756 notum
1058 710 1106 758 est
1120 697 1204 780 quod
1218 699 1394 781 parabolois

116 796 156 857 sit
184 793 319 856 semissis
348 793 479 878 cylindri
509 796 742 882 circumscripti.
799 800 886 886 Ergo
914 801 959 863 vis
988 815 1054 865 tota
1081 805 1175 867 medii
1205 807 1235 868 in
1265 808 1394 892 globum

110 915 158 968 est
177 902 274 986 duplo
295 904 398 966 minor
419 927 511 990 quum
533 906 671 990 ejusdem
693 909 738 970 vis
760 909 879 972 totuin
901 909 1083 994 cylindrum.
1130 912 1172 975 Et
1186 929 1350 996 propterca
1364 916 1390 979 si

109 1009 268 1093 porticulae
283 1010 377 1073 medii
392 1012 594 1095 quiescerent,
618 1025 649 1076 et
663 1012 820 1097 cylindrus
834 1037 871 1078 ac
884 1015 996 1102 globus
1018 1016 1128 1100 {equali
1144 1039 1215 1080 cum
1229 1019 1390 1085 velocitate

110 1125 316 1190 morerentur,
339 1114 419 1179 foret
433 1117 605 1182 resistentis
618 1117 704 1204 globi
719 1117 818 1202 duplo
833 1120 935 1185 minor
949 1120 1042 1206 quim
1057 1122 1231 1188 resistentie
1246 1124 1391 1210 cylindri·

115 1221 158 1298 Q.
174 1243 201 1283 e.
217 1219 248 1283 d.

673 1482 825 1546 Scholion.

155 1663 194 1744 (ἢ)
211 1658 331 1724 Eidem
344 1658 493 1724 methodo
508 1658 617 1746 figurae
638 1657 701 1722 illae
723 1660 803 1724 inter
816 1681 849 1723 se
863 1659 966 1745 quood
988 1661 1191 1726 resistentium
1214 1665 1388 1747 comparari

110 1783 248 1854 possunt,
275 1792 383 1857 eaeque
403 1769 533 1833 inveniri
548 1791 619 1854 quae
633 1767 791 1833 admotus
807 1790 877 1832 suos
892 1770 925 1832 in
940 1769 1048 1833 mediis
1063 1771 1273 1836 resistentibus
1288 1773 1387 1836 conti·

109 1941 173 1988 ..C
191 1939 246 1995 E2,
266 1936 364 2001 idemus
383 1937 408 1984 K
427 1937 524 1993 cxi:
543 1935 650 1982 H=C
668 1935 732 1993 Eu
763 1950 822 1998 quos
840 1936 1027 1984 dcscn'bit'rectr
1045 1937 1116 1995 PM,
1135 1939 1236 1996 bocar,
1253 1950 1387 1988 utrumme

109 2002 149 2049 sed
159 2004 178 2051 si
189 2017 216 2049 er
229 2013 315 2063 puncto
328 2002 354 2047 H
366 1998 528 2048 duceretured
545 2000 565 2047 C
581 2002 611 2054 A,
629 1998 734 2046 ordinatu
764 2000 870 2047 omnium
884 2002 904 2047 C
918 2000 945 2055 P,
963 2001 992 2047 ud
1004 2016 1120 2048 summurn
1136 2003 1242 2049 omnium
1255 2004 1275 2050 C
1289 2006 1319 2050 A.
1355 2004 1386 2050 ln

109 2065 309 2126 perpendicularis,
329 2065 379 2110 hoec
390 2074 448 2110 esset
461 2063 556 2126 oequslis
568 2063 588 2110 C
603 2062 633 2117 Ε,
653 2071 677 2109 et
692 2065 732 2109 ub-
764 2062 826 2109 linet
839 2066 861 2109 A
875 2063 899 2109 N
929 2065 1032 2123 cupiatur
1046 2066 1067 2110 A
1082 2065 1106 2111 R
1117 2065 1210 2127 equalis
1224 2067 1246 2113 A
1260 2067 1286 2121 C,
1299 2067 1343 2129 jun

109 2129 248 2177 scinderetur
261 2129 280 2175 C
294 2127 548 2190 A,putumoequ⁸lem
562 2125 585 2173 Ε
598 2126 631 2172 Η.
653 2123 733 2180 Qunt
764 2134 802 2172 tur
815 2127 834 2173 C
849 2127 961 2173 Rseoens
976 2128 1070 2174 PHin
1083 2127 1113 2183 L,
1129 2129 1303 2190 eterigrtursd
1316 2131 1339 2176 A

109 2190 271 2254 mungulum
287 2192 330 2237 sub
341 2189 439 2237 ubrdni
449 2201 473 2237 et
483 2187 604 2237 dntilinei
618 2188 642 2235 Κ
654 2190 674 2236 C
685 2189 732 2234 rive
763 2189 958 2249 perpendiculum
972 2191 994 2237 ll
1008 2191 1040 2245 Q,
1059 2205 1138 2237 recens
1160 2191 1219 2238 PM
1237 2192 1262 2238 in
1275 2194 1312 2250 V;
1329 2207 1385 2240 curu

113 2258 133 2302 C
147 2257 178 2308 A,
190 2251 603 2317 equdemquadntoordtuumd
616 2253 635 2298 C
647 2254 669 2299 A
682 2267 733 2312 per·
764 2253 893 2312 sitsemper
905 2253 926 2299 P
939 2254 1031 2300 L=c
1046 2254 1072 2309 P,
1084 2263 1107 2301 et
1120 2254 1385 2310 PV=CA,summs

110 2318 277 2377 pendieutm'u
289 2319 352 2365 unde
363 2317 461 2364 cume
472 2317 498 2363 H
507 2317 538 2372 N,
551 2320 603 2378 (per
610 2316 695 2362 'l'beor-
709 2315 730 2362 l.
763 2317 870 2363 omniurn
883 2318 904 2365 C
918 2317 945 2371 P,
964 2332 1005 2363 scu
1024 2317 1086 2368 PL.
1104 2332 1146 2376 per
1154 2327 1226 2364 totam
1238 2318 1386 2367 ebitudinem

110 2381 140 2427 de
150 2383 241 2441 parab.)
252 2391 286 2427 est
296 2381 403 2442 psnboln
410 2381 478 2443 cujus
486 2389 560 2426 vertex
571 2379 599 2436 C,
609 2380 689 2427 uirC
700 2380 731 2435 A,
766 2379 786 2427 C
800 2381 832 2435 A,
843 2388 878 2426 est
888 2379 1031 2442 triangulum
1042 2380 1135 2426 isoscele
1147 2381 1166 2428 C
1181 2380 1204 2426 n
1216 2381 1248 2435 A,
1260 2391 1282 2429 et
1293 2396 1385 2431 summu

111 2455 135 2491 et
145 2446 206 2491 latus
217 2455 303 2491 rectum
317 2447 338 2493 C
352 2446 382 2492 A.
763 2443 869 2490 omnium
881 2442 941 2495 CA,
953 2459 994 2490 seu
1007 2443 1068 2498 Pv.
1079 2458 1120 2503 per
1129 2442 1226 2490 andem
1237 2443 1385 2493 altitudinem

143 2509 182 2572 (t)
197 2512 210 2538 ·
223 2511 255 2556 n
267 2507 518 2570 mammete
749 2507 831 2562 ,cru
848 2517 882 2553 er
900 2505 1038 2567 ,unimam
1059 2508 1079 2555 c
1098 2507 1120 2553 A
1140 2508 1163 2554 n
1181 2507 1219 2564 Q;
1241 2523 1296 2554 eum
1312 2508 1319 2552 r
1336 2507 1384 2555 nur

143 2577 196 2620 191.
215 2573 319 2619 Lemma.
355 2571 488 2618 Parabololr
497 2568 647 2617 rursolidurn
657 2583 730 2616 erro·
761 2569 931 2632 trimgulumC
940 2569 1251 2632 RA,sitsemirsirqurdrrti
1260 2572 1309 2619 CA
1318 2524 1382 2631 HQ,

110 2633 730 2695 utiouepcrubolaeCHN,circiuemCAgeui-
761 2633 890 2693 penbolois
910 2643 945 2681 est
964 2633 1034 2682 etium
1054 2633 1153 2681 remissis
1170 2633 1268 2694 cylindri
1283 2635 1383 2697 circum,

110 2708 160 2744 tum
171 2708 205 2745 est
215 2699 313 2745 reminds
324 2698 421 2759 cylindri
432 2697 604 2755 circumscripti,
621 2697 661 2756 qui
677 2710 730 2756 pro-
762 2697 848 2757 scripti.
884 2697 916 2752 Q.
928 2713 949 2743 o
962 2697 986 2744 d.

110 2760 203 2808 ducitur
217 2776 245 2809 ex
262 2764 375 2809 rotatione
385 2761 512 2824 remnguli
527 2765 549 2807 A
564 2759 588 2807 l(
600 2757 659 2807 circi
671 2759 731 2806 letus
794 2760 829 2825 (i)
849 2765 901 2809 192.
927 2758 1018 2809 stum
1034 2763 1143 2817 methodo,
1158 2762 1200 2808 Ac.
1237 2760 1382 2809 Solidumex

111 2825 130 2870 C
145 2830 175 2872 A.
202 2825 247 2872 Per
257 2837 369 2885 punctum
380 2825 466 2872 mobile
478 2825 507 2880 P,
519 2823 654 2886 erigeturud
662 2838 730 2870 uem
761 2825 873 2872 rotrtione
888 2839 965 2871 curre
980 2824 1082 2887 cujusvis
1099 2823 1124 2871 Κ
1137 2826 1158 2872 B
1173 2826 1204 2878 A,
1223 2823 1283 2872 circi
1293 2834 1380 2873 rectam

111 2887 132 2934 C
145 2891 166 2935 A
178 2889 287 2936 nonnulis
301 2890 321 2936 P
333 2890 369 2945 M,
381 2888 513 2950 punbotm
528 2902 607 2934 recens
617 2887 642 2932 in
655 2887 690 2938 H.
707 2896 732 2933 et
763 2889 787 2935 A
800 2888 813 2936 1
825 2887 937 2947 positione
946 2886 1024 2936 datum
1034 2887 1140 2951 genitum
1147 2888 1172 2935 io
1180 2887 1383 2937 medioresisteute

109 2963 194 2999 rectum
209 2953 233 3000 K
247 2953 304 2999 Nin
317 2953 361 3009 M,
377 2950 731 3011 etiurotstioocflgurntotius

109 3016 170 3063 circi
186 3030 252 3062 erun
275 3016 340 3070 CA,
357 3015 425 3061 linea
438 3015 459 3061 P
471 3015 497 3060 H
515 3024 539 3060 et
557 3013 617 3060 PM
634 3012 732 3060 circulos

110 3079 245 3130 describent,
258 3077 298 3140 qui
309 3088 378 3124 erunt
387 3078 448 3124 inter
457 3092 482 3123 ιι
493 3085 520 3123 ut
530 3075 646 3122 mdiorum
661 3075 681 3123 P
693 3076 729 3132 H,
792 3070 817 3118 (l

112 3142 127 3188 1
148 3143 174 3188 Μ
186 3142 304 3202 quium,
324 3156 365 3187 reu
380 3145 420 3203 (ex
431 3140 513 3187 nuturd
523 3139 647 3199 pereboloe)
664 3148 688 3185 et
702 3140 734 3187 ub

112 3204 304 3257 rn=r1u
321 3202 617 3258 nemu-cmi.
654 3201 736 3249 oues
776 3177 809 3222 V

111 3279 149 3316 tur
162 3270 212 3330 jam
229 3279 343 3329 punctum
356 3268 442 3315 Pcum
458 3264 559 3313 versuti
577 3263 637 3327 PH
650 3265 679 3312 M
695 3279 736 3326 per

762 3911 1018 3960 moventurrccundbm
1036 3913 1184 3960 directionem
1202 3911 1295 3959 nctael
1309 3911 1340 3968 A,
1356 3918 1381 3960 et

575 4007 579 4021 .
656 4026 661 4037 Ι
762 3987 865 4036 oportent
875 3977 1023 4024 musterium
1034 3991 1105 4039 quern
1116 3976 1202 4035 patitur
1211 3976 1316 4023 conferre
1325 3989 1381 4023 arm

762 4040 890 4086 morentii
907 4039 1006 4100 cylindri
1022 4039 1150 4085 secundum
1166 4038 1264 4086 nudem
1274 4038 1380 4086 directio.

762 4116 816 4148 nem
827 4103 883 4149 moti
894 4102 1063 4164 etcujusbusis
1073 4112 1107 4149 est
1122 4101 1222 4149 circulus
1238 4102 1303 4149 rudio
1321 4102 1345 4150 l(
1359 4103 1380 4151 C

762 4165 793 4212 ud
806 4167 826 4212 A
841 4166 968 4212 Cnormrli
980 4165 1114 4225 descriptus.
1152 4166 1271 4213 Diumetro
1288 4167 1308 4213 C
1321 4165 1333 4213 l
1351 4165 1381 4213 sd

762 4229 882 4276 abitrium
903 4229 1019 4289 mumpti
1046 4228 1187 4275 descrilntur
1211 4229 1382 4277 semi-circulus

764 4293 785 4340 C
798 4294 814 4340 8
828 4293 847 4344 l,
860 4303 941 4355 egetur
951 4308 992 4352 per
1002 4292 1141 4368 punctum}
1152 4293 1237 4340 cbordr
1250 4292 1296 4349 IS,
1308 4292 1382 4367 purul-

109 4438 181 4476 totsm
192 4426 337 4476 altitudines
350 4426 371 4474 C
383 4427 416 4484 A,
432 4435 456 4474 et
466 4423 567 4472 solidum
578 4438 606 4471 ιι
617 4423 731 4472 rutstione
761 4356 1329 4480 iliiiuiiunpeci'llniictcmdaiilriiidllclnitbqlimdt⁵
1341 4357 1382 4479 [iii

109 4494 191 4556 figura
210 4493 230 4540 C
243 4492 269 4538 H
282 4492 306 4537 N
326 4489 432 4553 genitum
451 4488 494 4535 erit
508 4487 538 4535 sd
556 4488 686 4547 cylindnrm
702 4502 730 4534 ex
764 4485 852 4532 ὅπου
864 4487 881 4532 S
894 4485 920 4531 H
931 4483 1039 4544 parallel·
1052 4484 1072 4531 C
1085 4483 1118 4540 K,
1138 4485 1211 4530 umbe
1221 4490 1383 4529 concurrentes

107 4555 221 4603 rotatione
231 4552 359 4616 rectuuguli
371 4552 392 4601 C
402 4551 427 4598 K
436 4552 460 4598 N
471 4553 494 4598 A
505 4561 590 4607 ortum
601 4561 629 4599 ut
638 4566 730 4598 summu
762 4549 787 4594 in
801 4549 835 4602 H,
856 4547 973 4626 'lulum
984 4548 1010 4594 H
1024 4548 1046 4594 Ε
1057 4561 1204 4608 curruqusrn
1223 4556 1337 4605 punctum
1353 4544 1380 4590 H

102 4613 729 4737 txlffitffimnlfflblus
650 4615 676 4662 Η
691 4628 729 4661 ’“
760 4621 966 4723 mm
975 4607 1322 4734 ffissfflffl
1329 4607 1384 4721 Al:

718 4757 771 4808 NA
