3322 5738
106 442 218 508 Lrasn
235 440 399 522 Secura]
430 439 672 507 PRINCIPIA
697 438 1071 507 MATHEMATICA.
1331 443 1393 501 258

106 627 199 678 aucta
220 635 444 699 nonnunquam
465 613 596 677 dimidio
616 613 728 677 minuti
748 612 840 676 unius
863 610 1001 687 secundi,
1022 631 1248 696 nonnunquam
1269 609 1393 672 minuto

106 722 245 787 secundo
268 735 345 786 toto.
391 723 555 787 Cadebant
577 736 681 786 autem
703 723 818 786 rectius
839 721 942 786 vesica
963 719 1101 782 secunda
1115 732 1147 784 et
1160 731 1272 804 quarta
1289 714 1393 803 primi

105 831 190 904 vicet
205 842 237 893 et
251 829 354 912 prima
367 852 404 893 ac
418 830 509 894 tertia
524 828 660 894 secundi
676 828 753 893 vice.
797 827 911 891 Vesica
932 825 1042 911 quinta
1062 846 1177 911 rugosa
1196 838 1263 887 erat
1284 837 1316 888 et
1336 846 1395 908 per

105 960 200 1026 rugas
223 961 294 1002 suas
315 939 459 1003 nonnihil
474 938 699 1003 retardabatur.
743 936 924 1003 Diametros
946 933 1116 999 vesicarum
1138 931 1331 996 deducebam
1353 953 1394 1003 ex

105 1068 213 1110 earum
245 1045 500 1110 circumferentiis
532 1045 587 1108 fito
615 1044 798 1110 tenuissimo
825 1042 874 1106 bis
903 1039 1084 1105 circundato
1111 1038 1305 1102 mensuratis.
1351 1038 1394 1107 Et

104 1152 257 1217 theoriam
271 1152 390 1215 contuli
405 1172 477 1215 curn
492 1149 713 1234 experimentis
728 1149 760 1213 in
777 1147 880 1212 tabulis
896 1161 1054 1233 sequente,
1078 1144 1266 1209 assumendo
1288 1144 1392 1208 densi-

104 1273 199 1325 tatem
214 1261 294 1324 aiiris
310 1283 377 1324 esse
391 1260 433 1324 ad
447 1260 633 1324 densitatem
647 1280 737 1344 aquae
751 1257 894 1343 pluvialis
910 1269 945 1321 ut
963 1266 976 1320 l
995 1256 1035 1320 ad
1051 1264 1124 1332 860,
1141 1267 1173 1319 et
1181 1254 1392 1339 computando

106 1367 206 1451 spatia
220 1388 291 1452 quoe
304 1366 391 1453 gtobi
405 1387 463 1449 per
476 1365 630 1430 theoriam
646 1363 685 1448 (¹¹)
700 1363 876 1431 describere
890 1363 1066 1427 debuerunt
1080 1360 1231 1426 cadendo.

759 1889 817 1948 271
832 1886 904 1966 peu.
946 1891 981 1945 ιι
1002 1884 1064 1966 dig.

759 1976 821 2036 are

758 2062 821 2124 rm

147 2436 325 2501 Globorum
346 2437 442 2524 igitur
456 2450 519 2502 tarn
534 2438 566 2501 in
582 2442 653 2502 ao’re
669 2437 762 2525 quim
777 2439 809 2501 in
824 2437 904 2524 aquit
918 2449 1075 2505 motorum
1097 2435 1270 2500 resistentia
1289 2456 1390 2522 prope

100 2548 201 2611 omnis
216 2571 274 2632 per
289 2549 441 2615 theoriam
456 2562 594 2615 nostram
608 2563 692 2614 recte
706 2550 883 2625 exhibetur,
899 2568 935 2611 ac
950 2546 1095 2612 densitati
1109 2546 1289 2626 fluidorum,
1305 2545 1389 2631 pari·

100 2655 159 2718 bus
173 2657 340 2742 globorum
356 2659 569 2723 velocitatibus
584 2681 621 2722 ac
634 2657 908 2746 magnitudinibus,
924 2654 1164 2743 proportionalis
1179 2666 1235 2718 est.

146 2762 185 2826 ln
200 2764 329 2843 scholio,
346 2767 431 2852 quod
448 2767 530 2832 Sect.
544 2766 602 2830 VI.
615 2768 812 2852 subjunctum
828 2777 884 2842 est,
901 2763 1092 2828 ostendimus
1103 2782 1161 2845 per
1174 2760 1388 2845 experimenta

98 2871 303 2952 pendulorum
328 2875 413 2961 quod
427 2876 594 2961 globorum
608 2876 775 2962 aequalium
790 2886 822 2940 et
835 2874 1073 2961 aequivelocium
1088 2872 1121 2936 in
1136 2875 1218 2950 aere,
1241 2870 1332 2957 aquai,
1355 2883 1388 2939 et

97 2994 228 3062 argento
242 2980 313 3042 viro
328 2995 486 3044 motorum
501 2983 683 3045 resistentiue
698 2994 771 3045 sunt
786 2995 820 3046 ut
833 2982 1001 3044 fluidorum
1023 2980 1198 3044 densitates.
1244 2978 1278 3064 (¹)
1295 2979 1386 3043 Idem

98 3081 151 3144 hic
166 3084 357 3147 ostendimus
379 3087 479 3171 magis
501 3087 644 3150 accurate
658 3109 716 3171 per
730 3088 942 3170 experimenta
964 3078 1130 3170 co'rporum
1153 3085 1330 3150 cadentium
1352 3087 1387 3151 in

98 3191 170 3251 a'o're
185 3200 217 3252 et
231 3189 321 3275 aquai.
368 3191 450 3256 Nam
465 3192 602 3277 pendula
616 3193 746 3280 singulis
762 3192 1006 3257 oscillationibus
1021 3206 1140 3258 motum
1152 3195 1234 3258 cient
1245 3193 1385 3258 influido

98 3296 197 3356 motui
212 3297 341 3379 penduli
360 3298 518 3362 redeuntis
541 3322 664 3383 semper
685 3300 884 3376 contrarium,
909 3312 941 3362 et
960 3299 1131 3364 resistentia
1151 3300 1191 3363 ab
1213 3300 1274 3364 hoc
1295 3313 1384 3365 motu

97 3401 239 3478 oriunda,
265 3417 300 3468 ut
321 3416 353 3469 et
374 3405 548 3470 resistentia
561 3406 606 3469 titi
626 3429 690 3492 quo
710 3405 883 3491 pendulum
904 3406 1162 3489 suspendebatur,
1187 3419 1284 3471 totam
1305 3429 1383 3491 peu·

96 3509 163 3572 duli
179 3512 384 3577 resistentiam
399 3519 547 3600 majorem
566 3517 771 3581 reddiderunt
786 3516 879 3602 quim
892 3518 1067 3582 resistentia
1089 3541 1159 3603 quoe
1180 3540 1238 3602 per
1259 3519 1383 3602 experi-

96 3632 201 3682 menta
215 3624 573 3705 corporum-cadentium
594 3624 720 3710 prodiit.
766 3624 891 3688 Etenim
914 3645 972 3710 per
995 3625 1208 3709 experimenta
1228 3624 1383 3709 pendulo-

122 3819 165 3892 β)
176 3821 188 3848 ·
197 3821 338 3897 permitam
348 3825 477 3872 wormat
488 3827 596 3873 wdardo.
632 3824 721 3871 Erem-
753 3823 896 3872 velocitatem
909 3824 1036 3872 maximam
1047 3825 1145 3887 acquirit
1152 3841 1206 3875 cum
1217 3824 1265 3886 qui
1276 3824 1383 3885 postitio

98 3881 129 3940 pb
140 3897 208 3929 cause
221 3884 339 3933 calculum
350 3888 491 3935 tentabimus
506 3888 656 3950 experimenti
666 3902 722 3936 cum
753 3889 806 3935 a'e‘ro
816 3887 963 3936 descendere.
1000 3887 1056 3934 Hic
1067 3889 1186 3936 velocitate
1197 3889 1271 3936 vesica
1278 3901 1382 3950 tempore

96 3947 162 3991 tenir
173 3947 247 3994 vesica
259 3949 320 3996 facti.
358 3952 439 4013 Hujus
450 3952 531 4000 veaieoe
546 3952 658 4002 demetet
673 3963 723 4000 eret
754 3951 898 3998 minutorum
915 3951 1070 3998 secundorum
1090 3952 1136 4015 18}
1153 3952 1265 3999 describet
1281 3953 1381 4012 spatium

97 4009 400 4074 s.sdtgitorumapondus
408 4015 432 4061 in
440 4016 493 4063 s'e're
500 4031 626 4079 granorum
636 4021 687 4069 137,
696 4019 718 4063 5.
755 4019 800 4061 att
813 4014 864 4074 ped.
878 4025 902 4062 et
913 4021 935 4060 8.
948 4013 1014 4076 digit.
1033 4015 1129 4062 circiter.
1165 4014 1315 4064 subducatur
1329 4033 1381 4078 φι-

99 4072 190 4121 Glcbus
204 4075 262 4123 a'elrie
278 4076 392 4126 diametro
403 4079 530 4142 digitorum
542 4087 584 4129 5.3
594 4079 722 4139 descriptus
753 4078 814 4124 tium
827 4082 848 4132 l,
857 4084 920 4126 3863
935 4078 1005 4125 Facu
1018 4084 1040 4126 5.
1051 4078 1103 4139 ped.
1117 4088 1141 4127 et
1151 4085 1166 4127 8
1177 4080 1253 4142 digit..
1266 4090 1290 4127 et
1299 4095 1381 4130 mane.

97 4135 239 4212 6666667123
250 4155 323 4202 grana
333 4159 403 4207 quam
420 4143 541 4204 pmrimc3
559 4142 623 4192 unde
641 4141 722 4190 retice
753 4143 813 4189 bunt
825 4145 871 4188 sta
883 4141 966 4202 pedea3
983 4141 1037 4188 cbm
1048 4142 1073 4188 in
1084 4143 1164 4191 tabula
1178 4145 1319 4194 accuratiore
1333 4146 1380 4193 cal-

96 4198 227 4275 pondusun
243 4218 315 4254 vento
331 4218 379 4256 erat
394 4223 461 4272 gram
478 4213 561 4265 160,5,
572 4219 596 4255 et
606 4218 633 4255 ut
645 4212 675 4255 23
691 4204 722 4254 td
753 4204 919 4253 culoconfecta
926 4205 1195 4266 spatiumpertheoricm
1204 4207 1380 4257 describendum

99 4269 219 4320 160,⁵ua
229 4278 284 4314 runt
294 4273 513 4335 euomuaeparter
523 4272 629 4319 diametri
641 4269 721 4319 serien
753 4270 783 4315 sit
800 4274 847 4326 973
866 4269 918 4331 ped.
932 4279 956 4318 et
972 4275 986 4318 7
1003 4269 1080 4334 digit,
1098 4283 1123 4319 et
1136 4273 1162 4319 in
1176 4274 1335 4335 erperimmo
1350 4273 1381 4322 rit

96 4341 216 4416 equ'digiu
230 4331 299 4410 ¹⁴r²s
309 4344 339 4392 nd
349 4349 448 4406 aeuum
460 4354 476 4398 a
489 4349 516 4403 F.
528 4349 591 4413 quod
602 4349 635 4397 ia
645 4350 721 4410 prodit
753 4339 799 4382 ²⁷²
810 4333 862 4394 peu

96 4407 163 4467 drgtt.
181 4413 219 4464 98,
229 4415 283 4457 696.
319 4410 404 4458 Vesica
420 4412 525 4461 cudendo
541 4416 565 4461 in
582 4429 655 4462 vacue
670 4425 721 4463 toto
786 4432 817 4495 (ι)
830 4435 843 4466 e
856 4435 1119 4484 1mp50mmpm,
1138 4437 1181 4484 ἃς,
1216 4437 1279 4484 Nm
1291 4435 1380 4484 amri,

96 4485 140 4516 ‘¹¹⁰
151 4470 251 4562 P⁰¹Jd0ffl
263 4478 316 4565 ¹⁶.o’
325 4478 341 4521 5
352 4489 419 4537 8¹¹³·
430 4486 533 4537 mm
548 4477 634 4527 minuti
650 4479 723 4529 ”³5⁰⁸
754 4497 917 4558 experimentis
923 4498 1065 4556 confimmta,
1077 4469 1379 4561 eui'superiorescompute·

95 4551 191 4597 secund!
202 4551 308 4628 describit
319 4552 405 4628 digitos
418 4541 722 4617 lasfimponderelsbs
753 4560 828 4606 tiones
848 4561 963 4617 nituntur,
985 4566 1096 4624 supponit
1111 4565 1269 4617 resistentiam,
1291 4564 1380 4611 crateris

95 4631 161 4676 gran.
180 4614 287 4663 detentu
302 4617 388 4690 digitos
406 4621 459 4672 165,
469 4624 524 4675 638,
536 4631 559 4666 et
569 4621 652 4669 eodern
664 4638 721 4684 pon-
754 4624 854 4682 poribus,
866 4640 915 4671 ense
925 4626 950 4671 in
962 4629 1049 4674 ratione
1059 4629 1186 4687 compositi
1196 4643 1223 4673 er
1236 4628 1324 4674 ratione
1334 4626 1378 4672 du-

95 4679 150 4753 dere
165 4684 317 4755 ¹³⁷'.5.⁸'¹¹¹'
330 4691 401 4728 ettam
417 4681 442 4727 in
458 4697 532 4731 vacuo
547 4684 655 4733 describit
669 4702 723 4746 spa·
754 4686 839 4747 ptiust
849 4689 975 4738 velocitatis
984 4691 1077 4739 mobilis
1086 4701 1110 4739 et
1120 4692 1209 4742 ntione
1215 4691 1378 4753 simpliciden-

94 4755 154 4790 trum
168 4743 327 4807 thgrtorum
343 4749 441 4802 43313
457 4756 560 4803 temporo
574 4748 683 4798 (525⁴ae
698 4760 723 4797 et
754 4748 827 4798 sitatis
837 4749 910 4799 fluidi.
