3322 5738
72 405 186 473 Lmen
203 402 367 484 Saeuum]
406 401 647 468 PRINCIPIA
671 401 1041 470 MATHEMATICA.
1293 412 1356 470 219

72 574 272 662 signavimus,
294 595 358 637 non
374 571 475 636 soliun
497 572 615 636 ratione
631 571 795 658 colligitur,
819 570 981 634 sedetiam
994 591 1053 654 per
1067 572 1280 655 experimenta
1299 594 1357 635 no-

70 685 190 749 tissima
199 686 268 765 jam
283 682 438 766 descripta
452 682 649 746 manifestum
664 695 721 745 est.

116 797 185 858 Cos.
203 800 233 857 5.
280 792 401 855 Eadem
415 805 462 856 est
477 815 567 878 aquae
581 792 733 856 effluentis
756 791 912 869 velocitas,
937 793 1001 855 sive
1019 791 1122 878 figura
1135 793 1294 856 foraminis
1317 791 1357 855 sit

73 900 240 974 circularis,
268 899 332 962 sive
358 899 510 983 quadrata
534 899 583 961 vel
606 898 803 983 triangularis
827 912 881 962 aut
910 899 969 962 alie
992 920 1186 984 quascunque
1214 898 1357 961 circulari

72 1006 208 1092 aequnlis.
255 1005 337 1068 Nam
362 1006 507 1069 velocitas
529 1029 619 1092 aquae
641 1005 793 1070 effluentis
816 1029 882 1070 non
906 1006 1022 1092 pendet
1036 1031 1056 1072 a
1070 1006 1171 1094 ligurii
1186 1006 1355 1081 foraminis,

74 1117 127 1181 sed
143 1116 242 1179 oritur
256 1115 297 1177 ab
312 1116 377 1199 ejus
392 1115 554 1178 altitudine
569 1115 649 1178 infra
662 1115 792 1199 planum
808 1115 841 1179 K
856 1116 895 1179 L.

119 1226 188 1289 cas.
204 1232 235 1287 6.
282 1223 317 1287 Si
338 1222 419 1285 vasis
442 1228 474 1284 A
490 1221 518 1285 B
533 1222 566 1284 D
584 1221 612 1284 C
633 1243 706 1305 pars
728 1224 775 1284 iu-

74 1331 169 1396 ferior
185 1331 345 1415 inaquam
360 1342 555 1415 stagnantem
575 1329 776 1416 immergatur
880 1396 885 1408 ‚

75 1450 107 1501 et
120 1437 252 1500 altitudo
277 1458 367 1521 aquae
391 1435 561 1521 stagnantis
588 1456 683 1517 supra
703 1435 774 1499 fun·
824 1430 839 1455 ¹

78 1545 153 1607 dum
176 1544 255 1606 vasis
278 1544 317 1607 sit
340 1544 373 1607 G
391 1543 440 1606 R:
470 1542 615 1605 velocitas
636 1541 771 1627 quicum

76 1674 157 1737 aqua
171 1673 241 1736 quae
251 1651 284 1713 in
293 1673 364 1714 vase
379 1662 435 1726 est,
452 1648 556 1713 effluet
565 1671 622 1733 per
632 1649 773 1713 foramen

79 1759 145 1823 EF
159 1760 191 1821 in
206 1781 319 1844 aquam
334 1771 539 1846 stagnantem,
555 1778 592 1819 ea
607 1757 666 1819 erit
680 1779 775 1842 quam

77 1889 159 1951 aqua
181 1865 323 1929 cadendo
346 1879 377 1929 et
399 1888 471 1928 casu
492 1886 549 1928 suo
570 1863 776 1927 describendo

77 1974 272 2038 altitudinem
289 1973 305 2036 1
323 1973 354 2036 R
369 1974 529 2058 acquirere
543 1984 655 2055 potest
691 1971 774 2035 Nam

75 2083 198 2166 pondus
213 2103 304 2165 aquae
319 2081 419 2143 omnis
435 2081 464 2142 in
482 2102 553 2144 vase
568 2103 640 2166 quae
648 2080 775 2144 inferior

76 2202 123 2253 est
138 2189 301 2272 superficie
316 2209 406 2272 aquae
424 2189 605 2273 stagnantis,
622 2188 775 2252 substine-

77 2295 161 2359 bitur
186 2298 218 2358 in
243 2293 416 2379 aequilibrio
445 2316 503 2377 per
531 2295 655 2378 pondus
686 2316 775 2380 aquoe

78 2403 257 2487 stagnantis,
273 2401 407 2484 ideoque
421 2413 541 2465 motum
555 2422 645 2486 uquae
660 2401 875 2465 descendentis
890 2402 923 2464 in
938 2423 1011 2464 vase
1024 2400 1152 2465 minime
1166 2401 1360 2468 accelerabit.

80 2510 202 2575 Patebit
216 2509 310 2573 etiam
324 2524 356 2571 et
370 2509 421 2571 hic
436 2531 525 2573 casus
539 2530 597 2593 per
611 2510 833 2592 experimenta,
858 2510 897 2594 (b)
913 2511 1124 2574 mensurando
1146 2511 1262 2576 scilicet
1284 2525 1362 2576 tem·

77 2642 153 2703 pom
168 2619 280 2704 quibus
295 2640 375 2702 aqua
391 2616 497 2682 effluit.

120 2728 155 2810 (⁶)
173 2728 271 2789 Corol.
290 2733 316 2786 1.
364 2724 452 2788 Hinc
467 2723 494 2787 si
508 2746 598 2809 aquoe
612 2723 744 2786 altitudo
761 2723 789 2786 C
805 2724 835 2786 Α
853 2724 1045 2807 producatur
1059 2724 1099 2789 ad
1116 2726 1159 2801 K,
1181 2738 1217 2790 ut
1231 2728 1271 2791 sit
1287 2728 1318 2791 A
1330 2729 1363 2793 K

77 2835 118 2898 ad
135 2836 162 2898 C
179 2834 211 2897 K
237 2834 270 2896 in
294 2832 450 2916 duplicati
475 2834 594 2896 ratione
615 2854 696 2895 areae
718 2831 875 2896 foraminis
897 2834 929 2896 in
952 2834 1060 2919 quivis
1074 2834 1161 2898 fundi
1175 2850 1264 2919 parte
1278 2838 1361 2915 facti,

76 2946 117 3009 ad
142 2966 246 3007 aream
268 2942 375 3005 circuli
399 2944 429 3005 Α
447 2942 495 3005 B:
522 2941 668 3004 velocitas
690 2962 781 3025 aquae
804 2942 953 3005 effluentis
977 2944 1104 3028 aequalis
1127 2945 1185 3008 erit
1208 2946 1362 3011 velocitati

78 3073 170 3136 quam
192 3071 274 3133 aqua
296 3047 437 3110 cadendo
451 3060 482 3110 et
496 3068 569 3110 casu
584 3067 641 3109 suo
656 3046 860 3112 describendo
885 3048 1079 3115 altitudinem
1103 3051 1181 3115 Kc
1203 3056 1363 3140 acquirere

79 3172 190 3243 potest.

124 3269 162 3352 (ἀ)
181 3270 279 3332 Corol.
295 3277 325 3332 2.
371 3270 414 3334 Et
429 3269 484 3347 ris,
503 3270 565 3356 qud
585 3283 669 3335 totus
684 3294 773 3359 aquae
788 3271 941 3336 exilientis
960 3285 1063 3336 motus
1084 3273 1226 3359 generari
1248 3284 1360 3357 potest,

112 3442 145 3505 (⁸)
169 3446 182 3472 ⁶
204 3443 362 3491 Mensarando
388 3444 471 3490 scilicet
497 3451 599 3504 tempora
620 3442 703 3504 quibet
737 3443 995 3491 Venetiiseditreeunt.
1032 3442 1122 3490 Verum
1141 3443 1227 3491 Daniel
1246 3444 1361 3492 Bernoul·

79 3505 705 3616 nanterre
736 3505 1126 3631 ura
1148 3569 1359 3634 n.

110 3633 145 3696 (⁶)
159 3637 171 3663 ⁶
187 3636 258 3681 Corsi·
275 3638 296 3680 i.
323 3633 391 3681 Patet
401 3646 443 3694 pet
455 3641 504 3680 not
518 3637 572 3682 275.
586 3642 664 3680 acas.
679 3639 701 3681 2.
738 3640 754 3664 ⁴⁴
767 3633 816 3680 Ista
833 3633 1086 3681 senteutiaemeolim
1103 3645 1126 3680 et
1142 3636 1171 3682 ab
1189 3635 1241 3682 aliis
1256 3635 1302 3681 suit
1317 3635 1361 3679 im·

79 3712 105 3744 ac
116 3703 139 3746 ⁵.
737 3707 848 3758 pugnata,
866 3698 956 3744 abaliis
967 3711 1046 3744 rursus
1060 3698 1201 3745 confirmata.
1238 3698 1362 3744 Nuucau-

111 3761 144 3824 (⁴)
158 3764 171 3790 ⁹
186 3764 257 3809 tunt.
273 3766 295 3808 2.
332 3761 371 3808 De
386 3760 456 3823 hujus
474 3759 595 3808 Corollarii
612 3760 706 3808 veritate
739 3769 787 3806 tem
799 3771 918 3822 postquam
930 3762 989 3808 hanc
1000 3777 1113 3822 aquamm
1123 3771 1238 3808 motarum
1250 3759 1362 3806 theoriam

79 3823 120 3872 diu
139 3827 288 3886 multumque
306 3823 449 3884 disputatum
465 3834 500 3871 est
515 3824 575 3871 inter
587 3824 705 3872 euntem
739 3823 864 3871 meditatus
874 3838 934 3880 aum,
947 3825 974 3871 iis
985 3823 1018 3871 itd
1028 3823 1158 3872 dirimende
1168 3824 1226 3870 mihi
1238 3823 1327 3870 videtur
1335 3834 1363 3871 ut

83 3888 212 3940 Riccatum,
228 3888 351 3935 Danielem
366 3887 536 3942 Bernoulliurn,
548 3888 643 3934 Petrum
654 3889 705 3933 An·
737 3902 791 3934 cum
811 3903 877 3948 aque
896 3888 925 3935 ad
942 3897 1032 3935 motum
1051 3887 1191 3934 uniformem
1208 3887 1361 3947 pervenerint,

80 3953 170 3998 tonium
184 3951 357 4006 Michelottum,
372 3951 489 3999 «iacobum
499 3951 515 3999 J
519 3950 622 4006 urinum,
634 3951 704 3997 alios·
753 3966 790 3997 ute
805 3951 899 4012 quidem
910 3951 1042 4012 hypothesis
1053 3960 1086 3996 est
1100 3950 1216 4004 Ncwtoni,
1234 3961 1290 3998 tunc
1301 3950 1363 3999 recta

81 4029 125 4076 que
143 4015 309 4062 eruditissimos
325 4016 390 4061 viros.
428 4015 490 4061 Cinn
507 4014 569 4060 enim
587 4015 610 4059 in
629 4014 702 4072 primi
735 3966 858 4060 ilritudine
876 4015 961 4070 ael,
973 4015 1008 4060 ria
1018 4013 1199 4070 iliadeflniatur‚
1211 4015 1363 4063 sedabinitio

83 4076 252 4138 Principiorum
267 4079 376 4134 editione,
392 4079 529 4131 Nevtonua,
546 4077 650 4124 nondum
661 4079 702 4124 ob-
735 4077 820 4131 fluxus,
833 4078 872 4123 ubi
885 4078 991 4124 velocitas
1002 4078 1078 4123 adhuc
1089 4077 1154 4124 nulla
1165 4088 1206 4133 est,
1217 4080 1250 4126 vis
1261 4078 1361 4139 simplici

81 4142 169 4187 mati
184 4144 339 4189 contractione
359 4157 430 4197 vene,
450 4141 570 4194 statuisset,
592 4141 638 4185 vim
657 4136 704 4202 qui
736 4140 853 4187 altitudini
877 4142 899 4188 G
919 4139 931 4186 l
955 4140 1098 4199 respondeat,
1125 4157 1226 4204 mosque
1247 4155 1363 4191 trecente

81 4212 144 4250 totus
164 4221 229 4266 aquae
251 4206 365 4253 exilientis
386 4215 464 4252 motus
490 4205 595 4267 generari
622 4214 703 4262 potest,
736 4204 863 4260 velocitate,
877 4204 946 4250 simui
958 4204 992 4251 tis
1003 4219 1087 4266 aquam
1098 4202 1128 4252 ad
1138 4205 1250 4254 effluxum
1258 4209 1364 4255 animem

81 4269 193 4330 equalem
204 4285 252 4316 esse
263 4269 357 4329 ponderi
369 4269 501 4331 cylindricre
507 4267 623 4314 columma
629 4282 703 4329 aque,
736 4279 829 4324 crescat,
840 4279 864 4315 et
874 4267 968 4315 tandem
980 4268 1010 4315 ad
1021 4284 1072 4315 eam
1083 4269 1272 4332 magnitudinem
1282 4286 1362 4318 exsut·

81 4333 148 4392 eujus
159 4334 218 4379 basis
228 4343 262 4379 est
272 4334 376 4379 foramen
390 4334 411 4382 D
426 4333 453 4387 tt,
465 4342 489 4378 et
499 4331 599 4378 altitudo
611 4331 633 4378 G
649 4332 670 4386 l,
681 4341 704 4377 et
735 4343 851 4405 gatquam
862 4333 1127 4394 Newtonueassignavit.
1137 4365 1160 4378 ..
1172 4366 1178 4379 .
1190 4366 1197 4379 .
1215 4335 1362 4383 Rectdetiam

80 4393 105 4440 in
124 4395 225 4442 secundi
242 4397 350 4450 editione,
369 4395 446 4442 habiti
461 4395 550 4442 ratione
566 4409 631 4441 vena
648 4409 703 4441 con·
736 4395 770 4441 ut
787 4397 904 4451 lticeatus,
924 4411 979 4442 cum
994 4412 1042 4459 quo
1056 4397 1114 4442 mihi
1130 4397 1160 4443 da
1171 4398 1215 4445 hoc
1225 4407 1363 4460 argumento

80 4468 166 4513 uecta,
185 4459 231 4504 vim
247 4459 311 4505 iliam
328 4459 423 4517 duplam
440 4459 537 4514 fecisset,
556 4459 655 4517 priorem
672 4457 705 4503 ria
737 4471 839 4515 reserat,
852 4461 1012 4522 interrogatus,
1030 4459 1093 4507 unde
1104 4461 1137 4506 vis
1148 4460 1187 4507 illa
1197 4461 1275 4520 duple
1290 4474 1362 4520 equa»

79 4521 143 4567 illius
155 4537 285 4568 mensuram
296 4520 406 4568 mactem
418 4523 533 4569 Comitem
548 4522 670 4569 lliceatum
681 4531 705 4568 et
737 4536 791 4567 rum
801 4521 919 4570 altitudini
929 4525 1069 4571 couveniens
1079 4524 1134 4573 oriri
1151 4525 1228 4584 possit,
1248 4537 1303 4569 cum
1319 4524 1361 4568 ob-

79 4585 95 4633 J
99 4585 194 4631 urinum
211 4588 317 4633 tuebatur
328 4600 383 4632 eum
397 4584 535 4633 Miehelotto
548 4585 633 4632 Daniel
647 4586 705 4632 Ber·
736 4594 814 4630 turato
824 4587 918 4640 orificio.
936 4597 1004 4649 gutta
1014 4587 1088 4634 eidem
1105 4587 1230 4633 imminens
1240 4587 1261 4630 vi
1272 4584 1362 4644 simpli.

79 4649 192 4703 uouilius,
211 4663 309 4708 quomm
331 4648 510 4696 Diuertetioaes
529 4648 607 4696 videm
625 4658 660 4696 est
680 4648 706 4694 in
737 4647 998 4712 cisaltitudiniautgeri
1009 4648 1130 4697 manifeste
1139 4659 1255 4710 appareat,
1265 4662 1361 4709 respou-

80 4710 296 4761 Exercitatiooibtu
314 4711 487 4761 unumne·
503 4725 557 4775 que
573 4726 611 4760 aa.
632 4716 703 4762 1⁷2⁴.
737 4709 773 4760 dit
789 4710 983 4777 ὣιιίυςαωάυω
1000 4728 1049 4761 eae
1066 4722 1154 4761 etatum
1169 4711 1253 4775 quietis
1267 4727 1283 4760 a
1297 4722 1360 4762 natu
