3322 5738
478 683 727 781 INDEX
752 681 1065 779 SECTION
1071 681 1122 779 U
1125 681 1188 781 M

568 950 635 1017 DE
658 947 798 1018 MOTU
822 944 1100 1024 CORPORUM‚

559 1202 844 1272 VOLUMINIS
867 1199 1100 1270 SECUNDI.

185 1681 280 1748 saci.
297 1681 324 1745 Ι.
408 1681 461 1744 De
473 1686 554 1742 motu
563 1697 719 1759 cauponum
729 1674 834 1760 quibus
843 1673 994 1739 resistitur
1004 1675 1039 1777 iu
1046 1675 1168 1738 ratione
1175 1673 1381 1737 velocitatis...
1450 1685 1465 1737 l

185 1792 281 1857 Sues.
297 1791 343 1855 11.
410 1791 463 1854 De
478 1798 558 1852 motu
571 1808 726 1870 corpomm
747 1786 852 1871 quibus
871 1785 1022 1851 resistitur
1042 1786 1076 1848 in
1098 1783 1253 1868 duplicaret
1266 1786 1386 1848 ratione

456 1895 1382 1959 velocitates
1430 1896 1471 1957 37

188 2006 283 2072 ster.
299 2006 363 2071 111.
413 2007 466 2070 De
478 2014 559 2067 motu
570 2024 725 2086 corporum
739 2001 845 2085 quibus
857 2002 1008 2065 resistitur
1022 2002 1187 2083 partimin
1201 2002 1323 2063 ratione
1335 2021 1385 2064 ve-

459 2112 601 2188 locitatis,
611 2109 730 2193 partim
740 2107 908 2193 iuejuedem
921 2108 1041 2172 ratione
1056 2106 1381 2190 duplicaret............
1429 2114 1472 2170 91

185 2221 279 2286 sm.
297 2219 355 2284 lv,
413 2221 466 2284 De
479 2240 633 2303 corporum
646 2221 791 2283 ciroedari
803 2228 884 2282 motu
898 2219 932 2281 iu
945 2215 1051 2281 mediis
1071 2217 1276 2282 resistentibus
1276 2258 1380 2280 ........
1407 2223 1470 2278 110

186 2331 280 2397 διον.
296 2329 336 2394 V.
415 2330 468 2395 De
482 2331 631 2395 demente
644 2339 674 2393 et
687 2330 901 2412 compressione
910 2328 1091 2412 fluidorum,
1114 2329 1207 2410 deque
1227 2325 1385 2410 hydrosta-

455 2431 518 2496 ticet
522 2471 1380 2495 ............................................................
1407 2434 1467 2490 128

185 2540 281 2605 Smer.
297 2537 356 2601 Vl.
414 2539 467 2601 De
481 2548 561 2601 motu
574 2549 605 2601 et
617 2535 790 2602 resistentie
810 2556 965 2617 cmpontm
973 2536 1250 2620 fimepeudulomm
1254 2579 1377 2600 .........
1405 2542 1467 2601 147

183 2648 278 2713 δεον.
294 2644 372 2709 v11.
414 2647 467 2709 De
480 2655 560 2709 motu
560 2647 772 2731 fluidonunet
786 2642 956 2708 resistentit
965 2642 1379 2726 projectitium...............
1406 2650 1462 2706 191

183 2753 278 2818 δεον.
295 2749 391 2814 VIII.
413 2753 555 2815 Demotu
562 2774 623 2834 per
624 2752 732 2838 fluida
741 2756 1165 2834 propagato..................'
1171 2794 1379 2815 ...............
1403 2758 1467 2815 256
1501 2770 1505 2775 ·

184 2859 281 2923 δεον.
298 2855 361 2920 lx
415 2859 469 2921 De
483 2857 1377 2944 motucircularifluudmu
1402 2865 1465 2924 298

639 3283 1015 3352 ADMONI'I'IO.

228 3531 270 3595 Iu
293 3530 385 3596 initio
404 3532 601 3620 singulmun
622 3547 768 3599 notarum
781 3534 895 3622 quibus
909 3557 1057 3601 numerus
1071 3537 1220 3622 praefixus
1234 3560 1297 3603 non
1313 3538 1380 3617 fuit,
1405 3540 1472 3625 ejus

183 3637 255 3703 loco
269 3641 433 3705 asteriscus
450 3643 468 3680 ⁹
484 3641 626 3726 depictus
640 3656 705 3707 est:
728 3643 876 3731 apaginu
890 3643 964 3709 veri)
981 3654 1037 3710 101
1058 3644 1136 3710 ulter
1155 3648 1319 3712 asteriscus
1340 3648 1473 3712 subinde

182 3745 366 3831 reperietur,
382 3748 470 3832 cujus
485 3746 641 3811 aliusnon
656 3761 703 3812 est
718 3770 791 3812 usus
800 3747 893 3835 quim
906 3762 941 3813 ut
951 3747 1121 3836 distinguat
1135 3774 1173 3814 ea
1187 3774 1258 3837 quae
1273 3752 1388 3816 inserta
1399 3763 1474 3815 sunt

182 3853 223 3918 ab
238 3854 370 3919 Editore
386 3858 438 3938 (eo
447 3856 520 3939 jure
535 3854 595 3919 sibi
606 3855 647 3919 ab
656 3855 829 3920 Autoribus
842 3856 1067 3921 commentarii
1078 3860 1256 3939 concesso);
1280 3860 1363 3923 idem
1378 3859 1471 3923 etiam

181 3960 325 4048 dusignut
339 3963 463 4049 signum
478 3962 523 4047 (†)
539 3962 724 4051 quibusdam
738 3963 820 4028 notis
834 3965 1010 4049 praefixum,
1026 3988 1066 4030 ne
1082 3966 1197 4032 scilicet
1208 3969 1385 4033 turbaretur
1393 3967 1473 4031 ordo

182 4068 356 4133 litterarum
370 4069 410 4133 ab
422 4069 594 4134 Autoribus
609 4069 683 4155 ipsis
697 4068 863 4136 adhibitus.
