3322 5738
663 431 1003 500 PfflLOSOPHIAE
1025 435 1295 503 NATURALIS
1339 439 1451 517 [Mor.
1467 440 1625 515 eonion.

904 719 1078 784 LEMMA
1100 721 1141 782 V.

333 893 370 956 Si
387 895 548 976 cyliciam,
564 895 682 975 spiraero
698 904 727 956 et
740 894 893 974 sphaerois,
910 914 1031 976 quorum
1045 894 1220 954 latitudines
1233 902 1301 955 unt
1315 894 1452 976 crqrcoles,
1474 896 1508 956 in
1522 899 1621 959 medio

374 1004 491 1065 conclis
513 1005 673 1087 cylindrici
692 1007 737 1066 ita
756 1007 889 1066 locentur
908 1000 1064 1066 messivo?
1083 1013 1116 1064 ut
1135 1024 1234 1064 emron
1254 1024 1325 1066 ares
1346 1025 1409 1066 cum
1429 1011 1619 1072 caecandis

374 1112 545 1172 coincidunt
558 1139 568 1172 .·
582 1112 646 1173 ltaec
655 1112 907 1195 corporoflucum
916 1132 1002 1194 oquae
1010 1133 1069 1192 per
1083 1114 1216 1173 canalem
1230 1112 1388 1193 acqualiter
1402 1114 1571 1194 impedient.

376 1304 413 1386 (¹)
430 1302 514 1366 Nam
533 1305 632 1387 spatia
654 1305 735 1367 inter
757 1304 896 1367 canalem
912 1315 943 1367 et
956 1303 1141 1389 cylindrum,
1164 1302 1330 1386 sphaeram,
1353 1315 1384 1366 et
1406 1302 1616 1386 sphaeroidem

329 1432 387 1494 per
401 1434 471 1496 quae
486 1435 566 1497 aqua
581 1413 700 1488 transit,
723 1425 796 1476 sunt
810 1413 958 1498 aequalia:
982 1426 1013 1477 et
1027 1434 1108 1497 aqua
1121 1434 1178 1496 per
1192 1412 1322 1498 aequalia
1336 1413 1435 1495 spatia
1451 1415 1616 1499 oequuliter

330 1519 449 1582 transit.

379 1625 463 1689 Haec
479 1626 522 1688 ita
536 1648 569 1688 se
583 1623 701 1688 habent
722 1646 763 1687 ex
783 1622 960 1708 hypothesi,
986 1623 1071 1709 quod
1096 1646 1177 1709 aqua
1197 1623 1297 1687 omnis
1320 1645 1414 1706 supra
1439 1624 1616 1709 cylindrum

329 1732 482 1815 sphaeram
498 1732 546 1794 vel
562 1730 769 1815 sphaeroidem
784 1732 975 1818 congelatur,
998 1733 1084 1816 cujus
1098 1732 1231 1795 fluiditas
1247 1732 1286 1794 ad
1301 1732 1498 1829 celerrimum
1522 1757 1614 1821 aqum

329 1840 491 1901 transitum
505 1860 568 1900 non
585 1838 760 1924 requiritur,
779 1840 860 1902 utin
877 1837 983 1903 Corol.
1001 1846 1030 1907 7.
1048 1838 1144 1922 Prop.
1162 1838 1328 1901 XXXVI.
1345 1838 1489 1922 explicui.

846 2089 1019 2155 LEMMA
1042 2091 1100 2154 VI.

326 2262 436 2324 Eadem
450 2263 569 2342 positis,
592 2282 719 2343 corporo
732 2263 884 2343 prodicta
904 2263 1062 2344 crqrmliter
1083 2269 1227 2344 urgeatur
1246 2262 1285 2322 ol>
1305 2260 1384 2344 aquai
1398 2283 1459 2343 per
1474 2265 1610 2326 conulem

899 2368 1029 2453 stoma.

370 2536 461 2600 Patet
475 2557 532 2618 per
548 2536 680 2598 Lemma
694 2537 733 2598 V.
749 2549 780 2599 et
793 2548 895 2600 motus
910 2536 1012 2622 legem
1027 2534 1158 2599 tertiam.
1204 2536 1296 2619 Aqua
1310 2533 1416 2619 utique
1431 2549 1463 2598 ct
1477 2557 1613 2621 corpora

325 2644 359 2706 in
375 2666 408 2706 se
423 2656 532 2707 mutuo
547 2643 707 2729 aequaliter
722 2657 825 2732 agunt

830 2898 1002 2964 LEMMA
1024 2900 1102 2964 VII.

323 3069 359 3132 Si
373 3089 453 3150 aquo
469 3072 598 3151 quiescat
614 3072 647 3131 in
662 3072 774 3145 cunali,
796 3080 824 3131 et
838 3072 900 3132 lucc
914 3091 1039 3151 corpora
1056 3072 1089 3131 in
1103 3079 1211 3150 partes
1225 3071 1396 3130 contrarios
1410 3068 1521 3150 ecquo&
1531 3070 1614 3130 neto·

377 3180 469 3240 citote
477 3200 537 3259 per
550 3179 856 3261 conolcmscrontur:
878 3179 1007 3260 aquales
1021 3186 1108 3240 munt
1119 3197 1218 3238 eorum
1233 3176 1412 3238 resistentia
1423 3176 1504 3236 inter
1518 3198 1559 3237 se.

366 3342 499 3406 Constat
524 3365 564 3406 ex
589 3343 751 3407 Lemmata
775 3343 944 3427 superiore,
974 3363 1047 3404 nam
1071 3353 1174 3404 motus
1198 3338 1318 3404 relativi
1348 3337 1443 3402 iidem
1475 3340 1558 3403 inter
1580 3363 1613 3403 sc

321 3462 457 3512 manent.

886 3672 1041 3735 scholium.

363 3842 484 3906 Eadem
499 3855 546 3906 est
561 3842 639 3906 ratio
651 3864 817 3926 corporum
829 3844 968 3907 omnium
977 3865 1186 3908 connexorum
1197 3857 1228 3908 et
1239 3842 1459 3920 rotundorum,
1476 3863 1614 3929 quorum

319 3974 394 4014 axes
410 3975 481 4015 cum
497 3975 556 4015 axe
571 3952 686 4016 canalis
703 3952 891 4016 coincidunt.
926 3952 1110 4017 Differentia
1124 3953 1228 4038 aliqua
1242 3974 1281 4016 ex
1296 3954 1413 4036 majore
1422 3951 1476 4015 rel
1491 3953 1614 4014 minore

318 4058 461 4123 frictione
484 4063 558 4124 oriri
580 4076 699 4144 potest;
727 4063 781 4126 sed
797 4064 828 4125 in
843 4063 892 4127 his
908 4064 1078 4127 Lemmatis
1094 4085 1226 4146 corpora
1247 4086 1313 4127 esse
1335 4064 1524 4146 politissima
1541 4083 1614 4145 sup·

318 4164 475 4246 ponimns,
499 4181 530 4229 et
552 4168 645 4230 medii
669 4171 866 4231 tenacitatem
881 4183 911 4232 et
926 4169 1099 4233 frictionem
1116 4192 1184 4232 esse
1205 4169 1332 4245 nullam,
1358 4183 1389 4232 et
1404 4169 1493 4253 quod
1508 4181 1614 4252 partes

317 4267 415 4342 fluidi,
440 4292 510 4351 quae
531 4273 666 4335 motibus
682 4264 744 4336 s'uis
760 4275 894 4358 obliquis
910 4288 940 4337 et
955 4277 1118 4358 superfluis
1139 4276 1259 4339 fluxum
1281 4298 1371 4360 aquae
1386 4296 1445 4359 per
1469 4276 1614 4338 canalem

315 4378 509 4465 perturbare,
535 4381 695 4462 impedire,
720 4395 752 4443 et
772 4381 930 4445 retardare
953 4397 1094 4467 possunt,
1119 4386 1281 4469 quiescant
1295 4384 1377 4446 inter
1399 4405 1433 4445 se
1458 4397 1614 4470 tanquam

314 4486 387 4572 gelu
411 4485 597 4559 constrictae,
625 4499 656 4547 et
678 4486 860 4568 corporibus
875 4489 914 4550 ad
931 4490 1069 4572 ipsorum
1090 4505 1193 4574 partes
1217 4492 1333 4553 anticas
1349 4503 1380 4553 et
1394 4492 1540 4572 posticas
1564 4493 1615 4557 ad·

346 4655 380 4719 (¹)
392 4661 406 4687 θ
419 4659 486 4706 Nam
502 4656 574 4730 spatio
586 4657 646 4701 inter
654 4656 758 4729 conabor
768 4663 790 4730 ct
802 4664 943 4730 tromucrror
975 4669 996 4704 et
1004 4661 1135 4730 rptmidir
1144 4675 1186 4720 per
1196 4675 1316 4723 quaeoqua
1328 4662 1423 4719 transit,
1436 4673 1497 4712 unt
1506 4667 1614 4730 equata

313 4723 425 4778 nuhaa,
433 4721 728 4770 sammonicum
736 4721 842 4782 cyhatn,
851 4723 943 4781 quara
978 4721 1033 4768 Vrd.
1044 4722 1115 4769 schol
1129 4737 1233 4785 sequens.
