3322 5738
289 444 353 502 tte
610 426 949 499 PHILOSOPHIAE
972 422 1244 491 NATURALIS
1301 414 1582 500 [dieucum.

291 621 413 673 constat
431 605 517 693 qued
538 605 693 691 quantitas
714 625 814 689 aquae,
839 621 911 687 quae
931 620 989 683 per
1011 597 1150 660 foramen
1170 592 1321 657 circulare
1335 591 1369 655 in
1381 587 1484 654 fundo
1497 586 1583 653 rasis

290 716 416 792 factum,
433 716 507 779 dato
521 728 662 798 tempore
676 712 782 788 effluit,
799 734 836 774 ea
850 710 890 773 sit
904 729 975 794 quae
989 729 1061 770 cum
1076 705 1237 769 velocitate
1251 699 1413 787 predicte,
1435 721 1503 763 non
1524 719 1584 783 per

290 823 430 887 foramen
445 821 533 896 illud,
549 820 604 884 aed
618 841 675 903 per
688 819 828 882 foramen
842 815 1002 891 circulare,
1018 816 1105 898 cujus
1113 812 1264 875 diameter
1275 824 1322 874 est
1336 809 1377 873 ad
1392 809 1584 873 diameuum

288 931 449 996 foraminis
474 930 556 993 illius
581 943 617 993 ut
638 937 675 992 rt
704 927 744 991 etl
766 936 818 1004 25,
845 926 955 990 eodem
978 936 1119 1006 tempore
1141 920 1267 985 effluere
1289 919 1392 982 debet.
1438 916 1585 1001 Ideoque

290 1060 371 1123 aqua
385 1036 438 1099 illa
453 1035 581 1099 effluens
596 1035 789 1099 velocitatem
808 1032 904 1096 habet
918 1031 1064 1095 deorsum
1079 1031 1111 1091 in
1126 1028 1195 1112 ipso
1209 1026 1361 1090 foramine
1374 1046 1470 1111 quam
1484 1045 1586 1111 grave

291 1142 433 1207 cadendo
447 1156 479 1206 et
493 1164 566 1205 casu
581 1163 639 1203 suo
663 1140 703 1224 (⁴¹)
718 1138 924 1202 describendo
945 1136 1106 1201 dimidiam
1128 1133 1324 1198 altitudinem
1338 1154 1430 1218 aquae
1450 1131 1484 1193 in
1504 1152 1585 1194 vaae

291 1251 461 1337 stagnantis
476 1249 634 1333 acquirere
648 1259 752 1331 potest
766 1245 1015 1331 quamproxime.
1063 1244 1126 1308 Sed
1146 1256 1312 1327 postquam
1326 1241 1424 1304 exivit
1437 1261 1480 1303 ex
1493 1258 1583 1315 vase,

291 1359 481 1425 acceleratur
497 1355 715 1442 convergendo
729 1355 831 1418 donec
845 1355 886 1417 ad
901 1353 1077 1417 distantiam
1092 1351 1270 1415 aforamine
1286 1348 1439 1411 diametro
1453 1346 1584 1411 forami·

291 1468 340 1532 nis
354 1488 453 1551 prope
467 1464 619 1550 aequalem
633 1464 819 1547 pervenerit,
836 1474 868 1526 et
882 1461 1076 1525 velocitatem
1097 1458 1293 1545 acquisiverit
1304 1459 1456 1541 majorem
1477 1457 1513 1519 in
1535 1477 1586 1519 ra-

291 1575 376 1639 tione
390 1571 605 1656 subduplicatri
622 1570 734 1634 binarii
748 1569 789 1633 atl
804 1570 952 1631 unitatem
967 1567 1090 1630 circiter
1097 1589 1107 1641 ;
1129 1586 1221 1651 quam
1237 1564 1342 1649 utique
1356 1584 1453 1649 grave
1469 1560 1585 1625 cadeu-

293 1683 345 1761 do,
371 1695 403 1746 et
425 1704 499 1745 casu
521 1703 579 1743 suo
599 1679 805 1742 describendo
827 1691 924 1741 totam
945 1676 1141 1741 altitudinem
1160 1696 1249 1761 aquae
1264 1674 1298 1737 in
1312 1694 1384 1737 vase
1398 1670 1584 1759 surgnunq's,

293 1791 453 1877 acquirere
467 1800 571 1872 potest
585 1785 829 1873 quamproxime.

339 1899 378 1962 In
393 1896 592 1981 sequentibus
615 1896 709 1981 igitur
731 1896 882 1959 diameter
907 1915 995 1957 vente

295 2004 475 2090 designetur
488 2024 546 2086 per
556 2001 696 2064 foramen
712 2000 788 2063 illud
799 2000 901 2062 minus
910 1998 994 2084 quod

294 2109 474 2172 vocavimus
505 2108 534 2171 E
559 2107 594 2169 F.
640 2106 683 2170 Et
712 2110 807 2193 plano
835 2109 995 2172 foraminis

297 2217 327 2283 E
340 2215 561 2301 Fparallelum
575 2215 648 2278 duci
663 2215 853 2302 intelligatur
866 2214 994 2298 planum

295 2323 380 2389 aliud
403 2324 545 2406 superius
561 2323 593 2386 V
608 2323 657 2386 W
672 2321 713 2386 ad
735 2315 910 2385 distantiam
927 2321 994 2384 dia-

294 2444 397 2495 metro
410 2430 571 2494 foraminis
594 2430 746 2514 oequalem
767 2428 889 2490 circiter
903 2441 935 2491 et
948 2426 995 2490 fo-

295 2540 414 2603 ramine
428 2540 546 2622 majore
564 2538 587 2602 S
602 2537 634 2601 T
648 2550 811 2620 pertusum
819 2559 828 2611 ;
844 2557 901 2619 per
909 2535 995 2621 quod

297 2647 405 2730 utique
426 2667 505 2707 vena
528 2642 630 2720 cadat,
657 2665 728 2728 quta
752 2642 913 2730 adoequate
937 2645 994 2706 im-

295 2754 380 2839 pleat
395 2754 537 2816 foramen
559 2753 686 2816 inferius
711 2752 792 2827 EF,
815 2765 907 2835 atque
925 2749 997 2814 idae

295 2862 383 2945 cujus
405 2859 558 2922 diameter
579 2859 620 2922 sit
641 2856 681 2921 ad
705 2857 892 2919 diametrum
913 2856 996 2919 fora·

294 2966 385 3028 minis
401 2964 553 3026 inferioris
568 2975 602 3026 ut
617 2970 658 3027 25
674 2963 714 3026 ad
729 2970 766 3024 21
787 2963 918 3025 circiter.
964 2962 1016 3026 Sic
1031 2963 1114 3025 euim
1129 2985 1207 3026 vena
1221 2984 1278 3046 per
1292 2960 1432 3024 foramen
1455 2961 1584 3026 inferius

293 3071 593 3157 perpendiculariter
607 3071 766 3144 transibit;
788 3084 820 3134 et
834 3071 988 3156 quantitas
1003 3094 1093 3156 aquae
1108 3071 1269 3148 effluentis,
1292 3093 1352 3155 ρτο
1366 3071 1585 3158 magnitudine

294 3178 454 3245 foraminis
468 3178 570 3262 hujus,
591 3202 629 3242 aa
642 3179 701 3243 erit
716 3202 809 3263 quam
825 3180 937 3243 solutio
954 3180 1159 3244 Problematis
1174 3180 1309 3264 postulat
1331 3179 1585 3264 quamproxime.

296 3285 438 3371 Spatium
453 3283 537 3360 verti,
561 3282 645 3369 quod
667 3283 768 3367 planis
789 3283 912 3347 duobus
927 3298 959 3347 et
974 3283 1051 3348 veni
1066 3284 1195 3347 cadente
1218 3284 1382 3360 clauditur,
1409 3283 1585 3368 profundo

294 3393 375 3456 vasis
398 3391 505 3455 haberi
530 3404 642 3474 potest.
689 3392 752 3456 Sed
775 3406 809 3455 ut
830 3393 944 3456 solutio
965 3394 1172 3457 Problematis
1194 3394 1363 3477 simplicior
1381 3395 1422 3458 sit
1436 3409 1469 3458 et
1483 3397 1584 3481 magis

294 3495 521 3570 mathematica,
544 3508 671 3578 praestat
685 3495 833 3559 adhibere
847 3497 975 3579 planum
991 3499 1089 3560 solum
1106 3498 1232 3561 inferius
1248 3498 1419 3580 profundo
1435 3501 1529 3577 vasis,
1552 3516 1585 3565 et

295 3607 415 3693 lingere
429 3605 513 3689 quod
529 3627 609 3690 aqua
623 3628 693 3691 quae
707 3627 764 3690 per
776 3606 908 3692 glaciem
924 3629 981 3687 ceq
1002 3628 1059 3689 per
1081 3605 1309 3669 infundibulum
1330 3607 1495 3684 defluebat,
1519 3622 1584 3672 ete

294 3738 366 3780 vase
392 3738 448 3799 per
472 3715 611 3779 foramen
639 3715 712 3778 EF
737 3717 770 3778 in
792 3716 887 3800 plano
906 3715 1051 3779 inferiore
1072 3716 1188 3779 factum
1209 3714 1438 3802 egrediebatur,
1461 3728 1584 3779 motum

295 3949 365 4012 quim
376 3967 417 4011 par
427 3951 540 3998 theoriam
556 3950 681 4007 invenitur,
697 3949 760 4013 quod
776 3950 845 3997 variis
855 3951 921 3998 resia·
952 3949 1058 3998 cadendo
1073 3951 1208 4013 acquisitam
1224 3960 1252 3999 ut
1265 3954 1274 3997 l
1287 3949 1318 3998 ad
1331 3954 1363 4014 ql
1378 3952 1457 4012 m&
1472 3949 1528 3997 Lib.
1546 3949 1584 4012 1.)

295 4014 374 4058 tentiis
384 4015 534 4061 trilmendum
546 4029 595 4062 ease
610 4015 707 4069 ridetur,
724 4024 749 4062 et
763 4014 825 4062 certe
836 4015 919 4061 illustr.
955 4013 1009 4070 Sed,
1026 4030 1054 4061 er
1065 4014 1135 4074 supre
1145 4015 1247 4070 ostensis,
1267 4014 1376 4062 velocitas
1392 4029 1460 4076 aquoe
1471 4029 1512 4074 per
1524 4015 1586 4062 raaia

299 4075 406 4122 nmmo
425 4079 535 4135 Polenus,
556 4077 610 4125 cem
628 4080 653 4125 iu
675 4078 746 4125 Libro
763 4079 793 4125 de
816 4078 922 4125 Castaliis
952 4078 1292 4125 forameutranaeuntisestad
1305 4078 1448 4125 velocitatem
1459 4093 1500 4138 per
1517 4093 1586 4126 τοττι

296 4150 349 4197 pag.
368 4144 405 4184 64.
426 4143 534 4200 opinatus
552 4143 632 4189 l'uiaaet
652 4142 796 4189 velocitatem
815 4141 879 4188 illum
896 4142 921 4188 in
952 4151 1076 4190 conuacta
1092 4142 1215 4189 sectionem
1227 4142 1325 4194 fluentis,
1338 4143 1413 4197 idest,
1428 4141 1459 4187 ad
1472 4141 1584 4189 velocita-

297 4201 586 4257 uparimentiavaldeease
594 4206 707 4252 minorem
715 4205 785 4268 quem
794 4206 817 4251 in
825 4205 920 4261 theorii,
953 4215 1000 4252 tem
1011 4221 1081 4266 quam
1098 4221 1167 4267 grave
1182 4204 1285 4251 cadendo
1296 4221 1336 4265 per
1348 4214 1419 4252 totam
1430 4205 1585 4254 altitudinem

297 4261 404 4336 pluribus
415 4263 497 4312 deinde
508 4268 671 4326 experimentis
682 4270 920 4316 adcalculosreroca·
953 4285 1020 4331 aquoe
1031 4269 1055 4315 in
1067 4285 1119 4315 vase
1135 4269 1262 4331 stagnantia
1279 4270 1383 4330 acquirit,
1403 4270 1428 4314 in
1445 4268 1529 4315 eidem
1548 4286 1585 4318 ra·

297 4334 329 4373 tta
345 4339 442 4382 priorem
459 4333 594 4375 sententiam
611 4334 709 4379 mutarit
727 4334 751 4378 in
771 4332 876 4393 Epistoli
892 4331 921 4378 sd
953 4332 1017 4378 tione
1031 4338 1050 4385 Ι,
1071 4333 1100 4379 ad
1118 4336 1149 4393 al
1167 4338 1195 4389 23
1215 4331 1287 4393 quate
1299 4333 1405 4379 velocitas
1421 4347 1492 4392 quam
1511 4350 1585 4395 grave

299 4388 469 4436 Marinonium.
954 4410 995 4454 per
1010 4395 1130 4442 dimidiam
1146 4395 1292 4443 altitudinem
1311 4412 1376 4458 aqua
1397 4397 1530 4457 stagnantis
1546 4413 1585 4444 ra·

331 4451 366 4512 (⁸)
384 4455 538 4500 liert-ribendo
555 4457 674 4502 dimidiam
689 4460 842 4506 altitudinem.
875 4458 923 4504 Ve-
955 4459 1031 4505 dendo
1057 4460 1160 4521 acquirit,
1189 4460 1284 4521 aqualia
1310 4471 1344 4506 est
1371 4461 1485 4505 velocitati
1515 4477 1585 4523 aqua

297 4515 380 4563 locitas
394 4533 464 4578 quam
481 4531 564 4576 corpus
574 4518 693 4578 quodlibet
705 4535 779 4577 grave,
796 4522 845 4567 sinc
856 4523 922 4568 resis-
955 4536 995 4581 per
1021 4522 1125 4569 foramen
1151 4523 1273 4580 effluentis,
1307 4521 1376 4569 mode
1407 4534 1486 4569 tamen
1521 4541 1585 4601 aqua

297 4582 370 4628 tertii
381 4581 582 4629 cadendoetrasu
596 4581 922 4632 suodescribentlodimidiam
954 4600 995 4645 pet
1021 4586 1119 4647 simplex
1147 4589 1251 4633 foramen
1278 4587 1303 4632 in
1329 4587 1465 4634 tenuissimi
1492 4587 1585 4636 lamine

299 4642 444 4692 altitudinem
456 4644 921 4709 aqutaioraaastagnantiaacquiritaat
952 4648 1050 4706 factum,
1082 4661 1110 4698 ut
1137 4650 1206 4712 aspre
1232 4649 1362 4712 expositum
1388 4659 1430 4708 est,
1464 4651 1550 4702 effluat
1570 4668 1609 4705 a,

298 4704 329 4753 ad
340 4709 482 4759 votestatem
493 4709 544 4772 ojus
554 4718 677 4771 pamm
693 4709 840 4759 altitudinem
855 4728 922 4776 aqu·
953 4726 1012 4761 vaae.
