3322 5738
213 430 234 485 2
522 422 857 490 PHILOSOPHIAE
880 422 1149 489 NATURALIS
1213 422 1323 502 [Mor.
1334 425 1485 493 Coenon.

442 499 449 525 1

210 583 463 656 quuntur'bypotbssea
473 607 520 640 non
531 591 593 656 egvd
603 593 680 641 referri
695 590 832 656 plerumque
864 593 960 640 tentiam
966 606 993 639 ex
1003 591 1123 641 tenacitate
1131 590 1192 649 clad,
1202 592 1225 638 vi
1236 590 1270 639 illi
1281 591 1397 656 gravitatis
1403 606 1480 654 aqua.

209 668 306 718 possunt
321 656 351 704 ad
366 656 567 704 determinativum
583 667 691 703 motuum
706 672 764 718 quas
778 657 831 703 slim
862 655 887 712 li,
904 655 929 701 in
945 655 1000 702 locis
1016 655 1107 702 tanturn
1117 672 1137 710 a,
1150 658 1172 712 b,
1184 656 1206 711 d.
1218 658 1260 703 dte.
1274 667 1381 717 tergente
1391 666 1480 712 ortamg

209 721 295 782 priorea
310 722 325 767 h
372 721 447 766 thesea
466 718 506 782 (de
522 720 607 781 quibua
621 722 651 767 ab
670 719 736 766 initio
751 729 829 766 actum
861 718 886 764 in
901 719 979 779 spatiis
994 717 1048 765 verb
1063 719 1203 766 intermediis
1217 725 1238 766 A
1253 720 1307 766 Bet
1318 735 1332 765 a
1343 721 1365 772 b,
1384 719 1444 766 BD
1455 729 1480 766 et

355 781 779 844 „n
861 845 1480 907 nnn

208 909 267 958 lecte
283 907 383 956 fluidum
398 908 435 965 sit,
452 911 495 955 boc
511 918 552 966 eet,
570 909 672 969 partibus
687 917 775 956 constet
785 924 826 970 op.
860 906 1010 962 velocium,
1023 918 1046 955 et
1056 908 1140 956 deinde
1150 909 1215 956 victis
1225 910 1351 970 aequalibus
1361 909 1386 954 in
1400 911 1421 955 A
1433 917 1480 955 eta

208 973 264 1021 time
274 971 385 1033 levigatis
395 972 505 1034 nullique
515 973 636 1020 tenacitate
650 973 825 1029 coherentibus,
857 971 987 1028 ohascuns,
1006 973 1055 1031 pari
1070 971 1146 1019 adhuc
1162 973 1281 1020 velocitate
1291 988 1331 1033 per
1346 973 1418 1032 spatia
1434 972 1479 1017 mi-

207 1034 827 1147 unuumuu{tumtum
858 1033 1480 1160 mmmm„

653 1132 660 1155 ,
816 1127 826 1139 .

206 1162 328 1210 aderanda
343 1171 378 1209 est
393 1162 519 1209 resistentia
529 1177 582 1224 quae
592 1177 620 1209 ex
631 1162 702 1209 medii
712 1162 827 1209 reactione
859 1159 931 1220 spatia
943 1162 964 1208 B
978 1163 1003 1208 D
1013 1171 1036 1208 et
1046 1164 1061 1209 b
1072 1163 1087 1209 d
1098 1163 1167 1209 simul
1183 1175 1312 1218 moventur,
1328 1172 1352 1208 et
1367 1162 1399 1208 ital
1413 1162 1479 1208 dein-

206 1237 284 1274 crtum
301 1225 373 1281 ducit,
395 1235 475 1287 estque
494 1225 534 1271 ills
550 1237 577 1272 ut
595 1225 696 1273 densitas
716 1225 786 1272 modii
803 1235 826 1273 et
858 1237 913 1285 cept
931 1225 1028 1272 undem
1043 1241 1132 1286 semper
1148 1227 1290 1273 velocitatem
1306 1226 1331 1272 in
1347 1224 1479 1287 loeisaequd

206 1290 345 1353 quadratum
361 1288 486 1335 velocitatis
503 1289 594 1336 mobilia
609 1288 657 1336 dati
672 1289 822 1351 conjunctim.
859 1285 1011 1335 altishabent.
1045 1289 1240 1351 Minunnturjaxn
1249 1290 1345 1351 aequalia
1356 1289 1395 1335 illa
1405 1289 1479 1348 spatia

209 1355 270 1401 Hac
280 1353 343 1401 enim
359 1352 485 1399 resistentia
501 1355 553 1414 (per
565 1352 646 1399 Motus
659 1352 715 1414 Lep.
730 1358 752 1398 2.
766 1362 789 1400 et
799 1358 822 1399 3.
860 1350 882 1396 A
897 1352 954 1399 Bet
963 1354 1010 1407 ab,
1026 1351 1047 1398 Β
1061 1353 1086 1398 D
1097 1365 1120 1400 ct
1130 1356 1145 1399 b
1155 1352 1179 1409 d,
1190 1354 1231 1400 dc.
1242 1367 1265 1399 er
1275 1368 1356 1399 eorum
1367 1367 1479 1398 numenxs

207 1418 261 1465 Lib.
278 1418 313 1477 1.)
324 1425 358 1463 est
368 1425 395 1463 ut
405 1416 520 1478 quantitas
530 1416 608 1463 motixs
615 1416 670 1463 dato
680 1416 825 1475 tempusculo
857 1424 970 1476 augeatur
979 1415 1004 1461 in
1015 1415 1139 1470 infinitum.
1156 1427 1183 1463 ut
1198 1416 1232 1462 vis
1247 1416 1363 1478 gravitatis
1373 1425 1396 1462 et
1411 1415 1478 1461 rasis-

206 1479 384 1536 communicati;
403 1479 443 1526 sed
453 1479 507 1526 dan
515 1480 606 1526 mobilis
613 1479 739 1535 velocitate,
751 1494 824 1540 quan-
856 1477 933 1525 tentioe
943 1479 1004 1525 actio
1011 1479 1047 1525 vel
1058 1479 1141 1526 reactio
1149 1479 1259 1527 continua
1267 1479 1381 1533 reddatur,
1393 1487 1416 1525 ct
1427 1494 1478 1525 cor-

206 1545 259 1591 titas
274 1541 352 1590 mortis
366 1543 529 1590 communicati
545 1552 617 1590 estut
631 1542 746 1606 quantitas
762 1541 827 1589 fluidi
859 1540 1081 1601 poraduoesndem
1092 1543 1178 1605 ubique
1188 1544 1337 1590 resistentiam
1353 1542 1476 1602 patientur,

205 1607 350 1667 tempuscula
360 1606 415 1653 dato
425 1605 546 1663 movenda,
565 1608 609 1654 buc
623 1616 664 1663 est,
684 1615 711 1653 ut
726 1605 826 1652 densitas
859 1605 917 1650 etin
929 1605 984 1651 locis
1030 1604 1059 1652 ui
1070 1606 1122 1652 aitis
1137 1605 1233 1653 eandem
1249 1607 1392 1653 velocitatem
1408 1607 1478 1652 babe-

205 1671 290 1726 medii;
312 1668 367 1717 dati
384 1680 463 1716 autem
480 1670 550 1716 medii
569 1670 688 1726 densitate,
709 1669 825 1730 quantitas
856 1669 922 1714 bunt.
951 1670 976 1724 Q
1040 1671 1168 1717 resistentie
1177 1685 1231 1732 quae
1241 1685 1270 1716 ex
1279 1670 1343 1716 fluidi
1354 1669 1477 1716 tenacitate

204 1733 282 1780 motrls
297 1732 461 1780 communicati
472 1743 506 1780 est
516 1744 544 1780 ut
558 1733 673 1796 quantitas
686 1731 754 1778 fluidi
770 1731 825 1780 dato
857 1739 935 1777 catum
946 1730 1017 1788 ducit,
1034 1743 1109 1793 potest
1125 1749 1178 1780 curn
1190 1734 1212 1778 vi
1223 1734 1340 1796 gravitatis
1356 1733 1478 1779 uniformia

204 1797 350 1857 tempusculo
358 1795 503 1852 dimovenda,
515 1808 539 1845 at
549 1807 576 1844 ut
583 1796 690 1844 velocitas
697 1794 742 1858 qui
751 1811 824 1858 quau-
855 1792 990 1854 compatri.
1003 1795 1056 1843 licet
1066 1796 1136 1842 medii
1147 1797 1256 1844 tenacitas
1267 1797 1291 1843 in
1301 1812 1385 1856 corpus
1399 1796 1476 1857 quies-

204 1861 257 1908 titas
268 1859 308 1906 illa
319 1858 384 1905 fluidi
395 1870 500 1906 moretur
510 1860 659 1923 conjunctim,
676 1870 699 1908 et
710 1859 824 1934 quantitas
856 1872 912 1904 cena
928 1858 1001 1922 (quod
1011 1859 1106 1922 quidem
1118 1860 1139 1905 vi
1147 1861 1264 1923 gravitatis
1279 1875 1369 1921 semper
1385 1875 1477 1922 urgere-

205 1923 271 1970 fluidi
281 1924 336 1971 dato
347 1924 493 1984 tempusculo
503 1923 641 1973 dinsovenda
648 1922 762 1970 velocitati
773 1937 823 1969 mo-
856 1920 906 1982 tur)
917 1936 985 1985 agere
996 1922 1062 1969 nollo
1072 1922 1142 1970 modo
1152 1924 1231 1984 possit.

203 1988 258 2035 bilis
269 1986 444 2047 proportionalis
454 1997 495 2044 est.
512 1986 668 2047 corpusenim
678 1984 752 2046 duplo
762 1985 824 2033 velo·
889 1988 926 2032 10.
947 1984 976 2031 In
987 1985 1064 2033 fluidis
1074 1986 1146 2062 iqitur
1152 1987 1273 2035 tenacitate
1279 1987 1357 2050 aliqui
1365 1985 1474 2048 preditis

206 2052 257 2098 cius
271 2050 350 2102 altero,
370 2049 443 2110 duplo
459 2051 534 2113 majus
544 2050 643 2111 spatium
654 2051 678 2096 in
690 2049 762 2096 lluido
773 2064 824 2109 per·
855 2047 983 2095 resistentia
994 2058 1029 2096 est
1038 2061 1121 2110 ptuttm
1132 2051 1260 2108 uniformis,
1272 2051 1356 2112 partim
1367 2050 1476 2097 velocior·

202 2124 287 2170 curret,
298 2115 376 2174 sicque
386 2113 459 2175 duplo
469 2115 574 2174 pluribus
582 2113 700 2175 particulis
710 2121 821 2160 occurret.
856 2111 887 2158 tis
896 2111 1007 2173 quadrato
1017 2113 1193 2174 proportiorulis
1204 2118 1238 2179 (8.
1249 2117 1286 2174 9.)

207 2179 286 2233 Quare
303 2176 356 2224 dau
372 2176 485 2228 denaimte
502 2177 578 2231 medii,
598 2177 725 2224 reaiateutia
742 2185 777 2224 est
797 2186 824 2223 ut
890 2178 926 2223 11.
945 2177 1051 2224 Lemma
1071 2177 1101 2224 Iu
1112 2177 1393 2241 quicunqueresistentiae
1403 2178 1476 2238 hypo·

203 2242 342 2304 quadramm
364 2240 487 2288 celeritatis
509 2240 608 2297 mobilis,
634 2250 704 2302 atque
725 2237 784 2287 aded
804 2239 824 2288 ai
855 2237 920 2294 theti.
938 2239 1131 2298 corperixtamin
1142 2242 1220 2289 medio
1233 2243 1351 2289 resistente
1366 2256 1437 2303 qnam
1452 2242 1476 2290 ia

203 2320 279 2367 nsque
299 2304 366 2351 fluidi
384 2303 492 2361 densitas,
515 2320 591 2366 neque
612 2303 703 2351 mobilia
721 2303 824 2351 celeritas
856 2315 929 2348 vacuo
939 2305 996 2349 moti
1003 2303 1109 2352 velocitas
1120 2305 1185 2352 finita
1195 2306 1220 2351 in
1230 2306 1329 2369 singulis
1341 2305 1476 2352 loeisestut

202 2368 257 2416 data
267 2368 303 2422 ait,
315 2369 358 2415 erit
369 2368 495 2414 resistentia
505 2377 532 2414 ut
542 2367 612 2414 medii
623 2365 724 2413 densitas
733 2375 757 2413 et
766 2381 824 2427 qua·
856 2363 996 2411 elementum
1006 2367 1074 2426 spatii
1085 2367 1192 2430 descripti
1202 2367 1288 2416 directe
1299 2378 1322 2415 et
1332 2378 1477 2415 momentum

202 2431 295 2478 deatum
306 2430 432 2476 velocitatis
441 2430 592 2492 conjunctim,
604 2439 672 2490 atque
683 2429 733 2475 brec
743 2438 777 2474 est
787 2443 824 2475 re-
856 2427 965 2487 tcmpotis
989 2444 1037 2491 quo
1062 2430 1197 2480 describitur
1222 2431 1318 2480 invene.
1361 2432 1478 2479 Velocius

202 2494 303 2541 detentu
313 2509 366 2555 que
377 2491 824 2552 oatumducitnbinertiiparticularum
856 2489 919 2535 enim
930 2490 1052 2539 unil'onnis
1062 2503 1133 2541 estut
1143 2496 1244 2556 spatium
1275 2495 1413 2557 nodumque
1425 2495 1478 2542 des-

203 2557 268 2604 iluidi
279 2572 337 2618 quaa
346 2570 429 2615 corpus
439 2567 529 2602 motum
540 2571 553 2602 e
564 2554 615 2602 loco
625 2554 727 2602 dimovet
741 2563 765 2601 et
772 2570 825 2617 quae
856 2551 957 2612 criptum
967 2553 1052 2603 directe
1063 2565 1086 2602 et
1097 2567 1188 2618 tempus
1198 2574 1246 2620 quo
1253 2512 1278 2606 il
1286 2560 1385 2620 spatium
1392 2559 1478 2607 deest·

200 2620 225 2668 in
236 2618 387 2667 velocioribus
396 2619 499 2666 motibus
509 2618 559 2667 sole
568 2617 616 2665 ferd
626 2620 765 2666 observatur.
855 2614 918 2662 bitur
934 2616 1030 2664 invene
1067 2619 1096 2666 ln
1112 2621 1190 2668 mcdio
1204 2632 1283 2669 autem
1293 2623 1340 2670 sive
1356 2623 1475 2670 resistente

233 2690 255 2733 9.
276 2683 357 2730 Altera
364 2681 715 2744 resistentiaquasextenacitate
722 2680 822 2742 partium
858 2677 905 2725 sive
923 2694 997 2727 saeuo
1013 2680 1119 2729 velocitas
1135 2700 1176 2745 per
1196 2686 1296 2747 matium
1317 2685 1407 2734 infinite
1425 2701 1477 2748 par-

201 2747 266 2795 lluidi
278 2745 400 2793 uniformia
410 2746 518 2801 nascitur,
534 2755 641 2792 conauns
650 2754 691 2801 est,
708 2754 749 2792 aut
759 2744 822 2806 quod
854 2755 910 2788 vum
922 2743 1040 2805 mquxbilis
1050 2755 1084 2792 est
1096 2749 1144 2822 (6.)

200 2810 262 2857 idem
272 2819 311 2859 ert.
323 2809 432 2869 temporis
440 2819 558 2855 momento
568 2807 752 2869 proportionalia,
760 2823 822 2854 eam.
889 2810 925 2852 12
940 2810 1011 2856 Cos-cl,
1028 2813 1048 2855 1.
1071 2809 1136 2857 Hane
1153 2813 1263 2873 temporis
1281 2823 1427 2860 momentum
1442 2823 1478 2861 est

200 2873 280 2936 quein
292 2872 426 2918 tardissimis
435 2872 538 2919 motibus
545 2871 674 2919 sensibilem
682 2870 771 2918 faciunt
781 2885 822 2917 ex·
854 2876 882 2914 ut
897 2880 1041 2917 momentum
1057 2888 1098 2920 seu
1114 2875 1255 2923 eta-enum
1271 2877 1337 2936 spatii
1353 2876 1439 2925 directe
1453 2887 1478 2925 et

200 2937 334 2997 periments.
370 2935 395 2982 si
410 2935 474 2982 enbn
485 2936 586 2994 partium
597 2934 662 2982 fluidi
678 2934 777 2982 mbesio
792 2935 822 2982 sit
855 2931 963 2979 velocitas
973 2933 1075 2993 inverati;
1092 2949 1237 2987 momentum
1248 2938 1302 2986 verb
1312 2940 1378 3001 spatii
1395 2951 1423 2988 uc
1438 2957 1476 2989 ve.

200 3000 286 3061 ubique
297 2998 385 3055 eaden,
402 2999 424 3044 vi
440 2998 541 3060 quidam
557 2998 707 3045 determinati
717 3013 777 3058 opua
786 3007 821 3045 est
854 2993 934 3043 locitas
945 3006 968 3043 et
978 3008 1122 3046 momentum
1134 3003 1243 3064 temporis
1253 3004 1402 3066 conjunctim.

199 3072 312 3123 ucpaxtea
327 3061 373 3108 uta
388 3072 528 3122 separentur,
547 3061 682 3123 corporique
697 3062 819 3109 maritum
886 3064 922 3105 13.
943 3064 1014 3108 Cerci.
1034 3069 1055 3108 9.
1081 3063 1106 3109 Si
1126 3065 1197 3127 igitur
1214 3067 1321 3113 velocitas
1342 3067 1433 3115 dicatur
1453 3083 1474 3126 v,

200 3129 324 3187 prebeant,
345 3125 492 3186 quicumque
510 3125 605 3172 demum
622 3125 741 3172 velocitate
759 3123 819 3173 illud
850 3122 950 3181 epatium
967 3124 1106 3186 descriptum
1123 3145 1141 3186 a,
1161 3140 1253 3191 tempus
1268 3145 1315 3192 quo
1330 3130 1474 3193 descriptum

198 3191 292 3245 feratur,
309 3199 333 3235 et
343 3187 396 3235 ided
407 3189 440 3234 sis
450 3189 491 3235 illa
500 3190 633 3236 resistemiar
644 3203 698 3236 cum
710 3188 732 3234 ri
743 3189 817 3250 pravi·
1049 3189 1064 3235 d
1076 3206 1087 3234 s
1431 3195 1466 3241 d,

198 3251 712 3313 tatisuniformi‚quaecurporisascendentis
727 3261 817 3300 motum
851 3225 1094 3314 “ifffliffiff-t,
1115 3230 1225 3278 vdt=
1241 3232 1361 3280 dsetdt
1378 3254 1412 3280 =
1430 3262 1473 3319 ἶ,

197 3317 304 3390 murdac
321 3316 419 3389 conferri
436 3326 530 3390 potest..
548 3316 611 3363 Nam
627 3313 821 3389 corporaduosi-
853 3326 998 3388 sumptisque
1017 3325 1142 3377 tuentibus
1162 3329 1185 3377 s„
1204 3346 1218 3375 s
1235 3331 1250 3378 d
1267 3341 1276 3378 t
1291 3350 1358 3391 =s,
1378 3343 1401 3381 et
1418 3345 1427 3381 t
1445 3356 1481 3383 =

202 3379 406 3463 mdraetaquaixe
416 3393 470 3426 casm
482 3392 531 3438 pan
542 3378 820 3428 valodtateelccrsCatc
850 3421 876 3472 a
889 3384 936 3476 dg·

900 3482 915 3514 V

355 3483 362 3556 l
886 3535 923 3576 rs.
945 3535 1016 3582 cora
1034 3542 1057 3584 a
1087 3538 1111 3585 st
1128 3538 1161 3586 iu
1181 3540 1293 3602 menn·
1313 3541 1383 3590 cuae
1403 3558 1475 3592 cum
1511 3526 1516 3535 '

856 3593 1184 3661 BPCutejusapplicataa
1200 3605 1228 3651 M
1243 3605 1473 3666 P‚mp.axiAD‚

849 3657 973 3714 normales,
991 3676 1108 3722 exponant
1119 3667 1261 3716 velocitatem
1272 3684 1294 3725 ι,
1311 3679 1335 3717 et
1344 3670 1475 3719 macinas

327 3709 345 3749 Θ

230 4307 811 4369 bouaCB‚ct.adrectachnormtlaapro-
1376 4351 1384 4360 ‚

179 4323 452 4435 ffiautumtinlotia
467 4370 703 4436 equdaltitAeta,
722 4372 812 4428 Betb,
953 4368 985 4424 Λ
1111 4363 1182 4418 Mn
1353 4368 1382 4421 D

189 4437 214 4484 D
230 4447 254 4484 et
270 4437 293 4492 d.
316 4439 359 4486 Ac.
383 4437 495 4500 aqualem
512 4435 629 4496 patiantur
644 4435 811 4492 resistentiam

184 4515 269 4561 eorpus
286 4501 380 4564 quidem
401 4502 420 4548 C
443 4499 592 4548 calumniam
610 4498 741 4559 experiatur
759 4515 772 4544 n
791 4501 813 4545 ri
848 4511 935 4562 puncto
951 4502 998 4550 tiso
1018 4507 1039 4551 A
1056 4515 1155 4566 sumpta
1176 4509 1198 4554 A
1212 4509 1248 4566 M,
1270 4512 1327 4557 Am
1344 4520 1469 4574 tempusq

186 4563 304 4625 pravitatis
319 4574 438 4614 constante
456 4569 520 4625 (¹1⁰⁸
536 4562 560 4608 5¹¹
576 4561 633 4608 Μ’
647 4565 676 4618 A·
692 4563 721 4618 B,
736 4562 770 4617 Ῑ),
784 4563 813 4615 Β.
847 4575 996 4629 erectumque
1004 4569 1032 4614 sit
1040 4568 1231 4629 perpendiculum
1245 4575 1382 4622 ABcurvae
1390 4594 1468 4627 meur.

184 4630 227 4676 &a
241 4628 333 4677 tantum
345 4630 411 4694 agat)
421 4627 554 4686 oriundam.
565 4640 649 4688 corpus
660 4624 714 4674 verti
724 4640 737 4673 c
747 4625 814 4674 resis-
847 4642 900 4676 rens
912 4630 937 4676 in
949 4630 978 4688 B,
990 4647 1043 4680 area
1056 4634 1078 4679 A
1090 4632 1112 4680 li
1122 4633 1144 4681 Ρ
1155 4635 1184 4682 bl
1196 4638 1290 4699 exponit
1300 4640 1399 4700 spanum
1409 4655 1467 4690 tm.
