3270 5730
282 456 344 512 266
597 442 946 512 PHILOSOPHIAE'
961 443 1230 513 NATURALIS
1285 445 1397 524 [Mor.
1416 444 1578 512 Consors.

281 617 444 702 propagati
456 637 521 678 sese
536 615 710 678 dilatabunt
724 615 764 679 ad
778 615 884 692 latera,
900 638 957 699 per
970 615 1217 699 Propositionem
1231 613 1468 697 praecedentem
1476 637 1486 689 ;
1509 628 1544 677 et
1557 639 1577 678 a

282 744 413 805 corpore
429 721 482 783 illo
497 722 630 784 tremulo
646 735 792 807 tanquam
808 736 916 785 centro
931 721 1098 797 communi,
1115 719 1282 784 secundum
1299 719 1486 807 superficies
1499 741 1576 803 pro-

281 828 450 912 pemodum
466 828 633 910 sphaericos
648 841 680 891 et
694 830 913 906 concentricas,
936 829 1075 912 undique
1092 826 1357 912 propagabuntur.
1404 825 1508 908 Cujus
1530 827 1576 890 rei

281 933 459 1017 exemplum
482 933 608 1018 aliquod
629 933 779 997 habemus
801 935 833 996 in
855 934 956 1010 undis,
980 957 1050 1018 quae
1065 934 1090 997 si
1106 934 1204 1020 digito
1226 931 1360 995 tremulo
1382 933 1575 1011 excitentur,

280 1065 344 1104 non
360 1042 461 1104 solum
476 1055 609 1129 pergent
623 1043 784 1106 hincinde
800 1044 972 1107 secundum
985 1045 1111 1130 plagam
1125 1054 1229 1106 motus
1244 1043 1344 1129 digiti,
1368 1043 1438 1119 sed,
1456 1044 1490 1105 in
1506 1066 1575 1106 mo·

282 1149 358 1211 dum
374 1136 562 1211 circulorum
583 1150 860 1225 concentricorum,
884 1150 1014 1236 digitum
1030 1151 1133 1213 statim
1152 1150 1278 1235 cingent
1291 1161 1322 1211 et
1336 1148 1480 1234 undique
1501 1172 1575 1233 pro-

281 1253 488 1340 pagabantur.
535 1252 618 1315 Nam
631 1254 766 1339 gravitas
781 1255 936 1317 undarum
951 1255 1075 1339 supplet
1088 1255 1192 1317 locum
1208 1255 1253 1316 vis
1268 1253 1415 1317 elasticae.

328 1365 396 1427 Cos.
414 1371 443 1425 2.
468 1361 507 1446 (¹¹)
525 1362 621 1437 Quod
637 1363 663 1424 si
677 1362 815 1425 medium
830 1363 949 1426 nonsit
967 1363 1144 1426 classicum:
1168 1362 1314 1447 quoniam
1336 1362 1404 1444 ejus
1427 1375 1536 1445 partes
1556 1386 1574 1424 a

283 1470 420 1552 corporis
435 1467 561 1532 tremuli
574 1461 714 1550 partib'us
729 1468 856 1531 vibratis
869 1490 986 1551 pressae
1001 1468 1183 1531 condensari
1195 1482 1363 1552 nequeunt,
1379 1470 1573 1554 propagabi-

283 1594 333 1644 tur
354 1590 456 1642 motus
479 1578 512 1639 in
534 1576 659 1638 instanti
681 1574 721 1637 ad
742 1587 847 1658 panes
868 1576 922 1638 ubi
944 1576 1082 1638 medium
1096 1573 1239 1637 facillime
1255 1573 1346 1650 cedit,
1370 1574 1435 1636 hoc
1451 1590 1512 1651 est,
1536 1576 1574 1638 ad

282 1704 385 1774 partes
408 1711 484 1774 quas
507 1709 620 1770 corpus
641 1685 808 1750 tremulum
828 1685 944 1771 alioqui
965 1707 1077 1748 vacuas
1092 1707 1111 1747 a
1125 1697 1214 1770 tergo
1234 1682 1438 1767 relinqueret.
1485 1685 1574 1747 Idem

283 1811 329 1862 est
345 1820 433 1861 casus
449 1817 520 1859 cum
535 1816 610 1857 casu
632 1793 771 1878 corporis
786 1794 818 1856 in
832 1794 937 1857 medio
959 1816 1144 1879 quocunque
1166 1793 1304 1876 projecti.
1352 1792 1503 1855 Medium
1526 1817 1574 1856 ce·

284 1905 387 1970 dendo
400 1903 623 1990 projectilibuS,
638 1926 702 1966 non
718 1902 833 1966 recedit
848 1904 880 1965 in
895 1903 1049 1966 infinitum
1058 1927 1067 1978 ;
1084 1902 1186 1966 sedin
1202 1902 1352 1965 circulum
1368 1904 1489 1978 eundo,
1506 1925 1573 1986 per·

283 2013 329 2098 git
343 2012 383 2075 ad
399 2011 498 2095 spatia
512 2033 583 2096 quae
598 2032 712 2095 corpus
726 2009 873 2093 relinquit
887 2032 906 2072 a
920 2022 1018 2095 tergo.
1063 2009 1164 2095 Igitur
1179 2008 1298 2092 quoties
1318 2029 1439 2090 corpus
1460 2022 1573 2071 tremu-

284 2114 467 2206 lum'pergit
481 2118 512 2180 in
527 2130 648 2200 partem
662 2137 888 2201 quamcunque,
911 2116 1049 2179 medium
1064 2114 1204 2178 cedendo
1225 2126 1335 2200 perget
1349 2135 1411 2196 per
1425 2115 1573 2177 circulum

285 2229 324 2292 ad
341 2241 444 2312 partes
460 2248 537 2313 quas
560 2248 672 2308 corpus
692 2224 854 2309 relinquit3
880 2237 911 2287 et
933 2225 1052 2310 quoties
1074 2245 1187 2307 corpus
1209 2223 1387 2309 regreditur
1410 2223 1451 2286 ad
1476 2224 1575 2286 locum

284 2330 431 2420 priorem,
447 2334 585 2398 medium
600 2332 672 2396 inde
687 2332 853 2416 repelletur
867 2344 899 2395 et
913 2332 953 2394 ad
967 2331 1071 2394 locum
1087 2352 1178 2393 suum
1198 2331 1336 2412 priorem
1358 2330 1487 2393 redibis
1536 2331 1574 2393 Et

285 2441 423 2527 quamvis
438 2460 551 2521 corpus
566 2436 734 2500 tremulum
748 2458 813 2498 non
828 2436 868 2499 sit
880 2436 1016 2511 firmum,
1040 2434 1095 2497 sed-
1116 2433 1215 2497 modis
1239 2433 1386 2496 omnibus
1410 2435 1528 2510 flexile,
1552 2435 1575 2498 si

285 2562 389 2612 tamen
404 2544 618 2632 magnitudine
640 2543 748 2605 datum
770 2553 903 2618 maneat,
932 2542 1078 2628 quoniam
1100 2539 1283 2604 tremoribus
1299 2539 1363 2602 suis
1380 2542 1494 2625 nequit
1515 2564 1576 2604 me·

189 2642 195 2653 ’
286 2656 372 2722 dium
386 2655 486 2717 ubivis
502 2675 623 2740 urgere,
647 2654 723 2738 quin
737 2652 811 2715 alibi
827 2652 927 2716 eidem
943 2652 1034 2715 simul
1049 2651 1155 2726 cedat3
1178 2650 1288 2714 efficiet
1303 2662 1338 2712 ut
1352 2651 1509 2727 medium,
1531 2674 1575 2713 re-

286 2763 426 2829 cedendo
440 2762 612 2845 apartibus
627 2761 681 2822 ubi
695 2761 856 2842 premitur,
878 2773 989 2846 pergat
1010 2782 1132 2844 semper
1146 2761 1179 2822 in
1195 2760 1303 2822 orbem
1318 2759 1360 2822 ad
1376 2773 1487 2843 partes
1510 2785 1575 2847 quae

286 2871 387 2933 eidem
403 2868 527 2930 cedunt
574 2868 615 2942 Q.
631 2888 658 2927 e.
676 2865 708 2928 d.

332 2974 430 3036 Corol.
464 2971 709 3053 Hellucinuntur
730 2972 825 3058 igitur
840 2974 894 3059 qui
909 2975 1040 3039 credunt
1060 2977 1259 3062 agitationem
1280 2978 1425 3060 partium
1442 2978 1577 3041 flammae

287 3077 327 3142 ad
335 3077 539 3161 pressionem,
554 3099 612 3160 per
622 3078 760 3142 medium
769 3080 918 3157 ambiens,
935 3080 1105 3144 secundum
1116 3082 1212 3146 lineas
1224 3094 1324 3146 rectas
1334 3083 1580 3171 propagandum

288 3183 472 3248 conducere.
518 3183 658 3249 Debebit
679 3185 831 3268 ejusmodi
855 3187 974 3269 pressio
996 3210 1060 3251 non
1088 3188 1127 3251 ab
1156 3189 1324 3276 agitatione
1347 3190 1420 3254 sold
1448 3192 1583 3274 partium

288 3294 433 3370 flamme,
450 3294 506 3358 sed
520 3317 540 3358 a
554 3295 648 3358 totius
664 3295 843 3359 dilatatione
858 3296 999 3360 derivari.

477 3620 757 3686 PROPOSITIO
781 3619 905 3683 XLIV.
951 3616 1220 3682 THEOREMA
1243 3615 1399 3682 XXXV.

290 3814 326 3877 Si
341 3833 420 3897 aqna
437 3815 470 3876 in
484 3793 601 3877 canolis
622 3814 756 3876 nuribrcs
776 3815 880 3875 erectis
897 3812 928 3874 Κ
945 3811 983 3888 L,
1001 3811 1039 3874 M
1056 3811 1088 3873 N
1109 3811 1219 3874 vicina
1240 3813 1372 3875 alteruis
1392 3819 1546 3880 ascendat
1566 3826 1592 3878 et

334 3926 727 3996 descendotsconstmotur
746 3932 843 3984 autem
862 3923 1025 4003 pendulum
1049 3920 1130 4003 cujus
1154 3921 1308 4002 longitudo
1335 3922 1425 3986 inter
1446 3939 1594 4007 punctum

333 4034 531 4113 respersionis
545 4043 575 4096 et
589 4043 720 4096 centrum
734 4031 929 4096 oscillationt's
950 4041 1083 4114 aeqzaetur
1096 4030 1209 4092 remissi
1227 4032 1439 4112 longitudinis
1456 4059 1552 4120 aquae
1567 4039 1595 4098 iu

334 4144 436 4203 canati
446 4171 455 4203 :
483 4144 549 4205 dico
569 4145 648 4226 quod
667 4163 749 4227 equa
771 4144 908 4206 ascendet
928 4151 957 4204 et
978 4143 1130 4205 descendet
1152 4142 1254 4203 iisdem
1277 4146 1473 4224 temporibus
1495 4152 1598 4233 quintu

330 4249 492 4328 pendulum
507 4253 669 4313 oscillotur.

307 4484 312 4491 .
338 4435 580 4524 Longitudinem
596 4459 685 4521 aquae
700 4460 845 4500 mensuro
857 4438 1032 4501 secundum
1047 4459 1121 4501 axes
1133 4437 1247 4500 canalis
1257 4451 1288 4501 et
1299 4462 1451 4522 crurum,
1463 4440 1610 4513 eandem

297 4564 426 4610 summae
440 4543 552 4607 horum
569 4543 673 4605 axium
683 4541 854 4626 aequand03
870 4554 901 4605 et
910 4543 1114 4606 resistentiam
1125 4565 1223 4627 equae,
1235 4565 1305 4628 qua·
1314 4546 1423 4613 oritur
1436 4553 1484 4618 ab
1495 4556 1602 4620 attritu

559 4742 595 4807 (h)
609 4745 621 4775 ·
638 4745 703 4797 Quod
713 4744 733 4790 si
742 4743 844 4790 medium
855 4738 995 4788 condnuum
1004 4734 1035 4786 rit
1044 4745 1128 4788 et'non
1137 4740 1259 4795 msam,
1270 4736 1312 4785 &a
