3322 5738
104 436 222 501 Lmen
236 436 399 515 Securo]
432 435 673 502 PRINCIPIA
696 437 1065 506 MATHEMATICA.
1330 450 1392 511 267

107 609 233 685 canalis,
250 610 301 672 hic
313 631 376 672 non
391 609 566 672 considero.
589 608 767 696 Designent
781 608 876 695 igitur
886 611 916 672 A
927 610 965 686 Β,
980 612 1008 675 C
1018 612 1052 675 D
1060 613 1248 677 mediocrem
1257 613 1394 677 altitudi-

107 738 179 780 nem
191 738 281 801 aquae
291 717 321 778 in
334 737 424 778 crure
434 727 586 800 utroque3
601 728 633 778 et
648 715 702 778 ubi
716 738 797 800 aqua
810 716 842 777 in
854 738 943 778 crure
961 716 993 779 K
1005 717 1035 780 L
1049 719 1188 783 ascendit
1201 719 1242 783 ad
1257 719 1393 783 altitudi-

106 843 179 885 nem
193 823 265 897 EF,
276 821 472 885 descenderit
482 844 564 906 aqua
574 822 606 883 iu
616 843 708 885 crure
721 822 760 885 M
771 822 802 884 N
812 821 852 884 ad
861 822 1057 885 altitudinem
1069 824 1100 887 G
1114 825 1159 887 H.
1192 826 1240 889 Sit
1249 839 1353 890 autem
1365 827 1392 890 P

105 952 218 1014 corpus
233 930 415 1012 pendulum,
434 930 463 990 V
477 928 504 992 P
519 927 616 1004 filum,
640 929 670 989 V
683 942 834 1011 punctum
851 929 1072 1011 suspensionis,
1098 930 1129 993 R
1146 929 1173 992 P
1188 932 1221 1006 Q
1237 933 1260 995 S
1275 932 1391 1016 cyclois

105 1058 197 1121 quarn
212 1035 384 1119 pendulum
399 1035 563 1110 describat,
584 1035 690 1118 Pejus
705 1048 855 1116 punctum
870 1036 1022 1110 infimum,
1042 1035 1069 1098 P
1084 1036 1117 1129 Q
1132 1058 1221 1100 arcus
1235 1037 1390 1101 altitudini

105 1145 135 1206 A
154 1142 333 1228 Eaequnlis.
380 1143 445 1217 Vis,
469 1142 529 1226 qua
545 1153 646 1204 motus
661 1163 751 1226 aquae
765 1141 894 1204 alternis
909 1141 1027 1204 vicibus
1042 1143 1233 1206 acceleratur
1247 1157 1279 1207 et
1292 1159 1390 1207 retar-

102 1251 204 1326 datur,
228 1262 276 1312 est
291 1270 435 1312 excessus
449 1247 596 1331 ponderis
612 1268 701 1331 aquoe
717 1247 748 1309 in
764 1246 914 1310 alterutro
928 1268 1019 1310 crure
1034 1269 1129 1330 supra
1142 1249 1267 1331 pondus
1288 1250 1321 1312 in
1343 1250 1389 1313 al·

101 1376 180 1438 tero,
197 1361 340 1446 ideisque,
365 1360 417 1422 ubi
431 1381 512 1444 aqua
525 1360 558 1420 in
574 1379 664 1422 crure
681 1357 713 1421 K
729 1357 759 1423 L
773 1357 912 1423 ascendit
926 1357 967 1420 ad
984 1357 1013 1420 Ε
1031 1357 1067 1435 F,
1091 1370 1122 1420 et
1137 1357 1168 1419 in
1185 1380 1276 1423 crure
1291 1359 1389 1422 altero

93 2579 254 2644 descendit
268 2581 307 2644 ad
324 2582 356 2646 G
374 2580 421 2658 H,
446 2580 479 2666 (¹)
496 2582 540 2645 vis
557 2580 609 2645 illa
623 2593 670 2646 est
684 2582 808 2667 pondus
831 2581 1021 2666 duplicatum
1044 2602 1133 2668 aquae
1150 2581 1180 2647 E
1196 2583 1226 2647 Λ
1245 2582 1273 2645 Β
1291 2582 1328 2658 F,
1352 2591 1386 2644 et
1473 2644 1480 2659 ,

91 2704 257 2774 propterea
271 2703 318 2753 est
332 2690 373 2753 ad
388 2691 511 2773 pondus
526 2714 617 2776 aquae
631 2692 725 2755 totius
741 2704 776 2755 ut
790 2692 863 2756 ΑΕ
878 2715 933 2755 seu
949 2693 1018 2768 PQ
1034 2691 1072 2776 (¹)
1088 2693 1129 2756 ad
1145 2693 1175 2756 V
1188 2692 1215 2755 P
1231 2690 1325 2756 seuP
1343 2690 1384 2753 R.

93 2798 149 2861 Vis
172 2801 273 2876 etiam,
299 2800 359 2886 qud
382 2800 505 2885 pondus
530 2801 557 2865 P
578 2802 610 2863 in
634 2800 704 2864 loco
726 2802 834 2886 quovis
850 2801 883 2876 Q
898 2801 1088 2865 acceleratur
1102 2814 1135 2865 et
1149 2800 1329 2865 retardatur
1350 2798 1384 2860 in

92 2905 231 2990 cycloide
249 2912 318 2989 (per
335 2906 443 2968 Corol.
462 2907 557 2990 Prop.
574 2906 644 2986 LI.)
661 2920 709 2969 est
723 2906 764 2970 ad
779 2908 844 2991 ejus
859 2906 983 2990 pondus
999 2917 1109 2984 totum,
1133 2919 1169 2970 ut
1183 2909 1250 2992 ejus
1265 2906 1384 2970 distan-

91 3011 134 3073 tia
151 3011 178 3073 P
194 3012 227 3085 Q
242 3033 259 3072 a
275 3010 344 3071 loco
360 3010 468 3072 infimo
485 3011 520 3085 P,
537 3012 577 3072 ad
593 3010 741 3095 cycloidis
756 3011 982 3096 longitudinem
999 3013 1026 3076 P
1043 3014 1083 3076 R.
1130 3013 1238 3088 Quare
1249 3033 1339 3097 aquae
1351 3024 1384 3074 et

93 3117 234 3201 penduli,
258 3118 390 3203 oequalia
411 3119 511 3202 spatia
526 3120 556 3181 A
572 3118 611 3193 Ε,
631 3119 658 3180 Ρ
674 3120 706 3194 Q
722 3119 973 3197 describentium,
998 3122 1078 3183 vires
1092 3121 1237 3184 motrices
1253 3132 1326 3183 sunt
1348 3131 1384 3182 ut

90 3228 231 3310 pondera
247 3228 417 3303 movenda3
434 3227 467 3312 (¹)
484 3228 625 3314 ideoque,
643 3229 667 3291 si
683 3251 763 3313 aqua
774 3240 805 3292 et
815 3229 988 3312 pendulum
999 3230 1031 3291 in
1040 3229 1194 3313 principio
1206 3230 1380 3313 quiescunt,

92 3338 173 3400 vires
191 3339 251 3401 illoe
267 3338 436 3402 movebunt
456 3337 564 3401 eadem
586 3337 746 3422 aequaliter
768 3337 959 3421 temporibus
981 3337 1162 3423 aequalibus,
1187 3336 1381 3421 efficientque

90 3457 126 3507 ut
141 3458 227 3507 motu
244 3446 405 3528 reciproco
420 3444 511 3507 simul
526 3456 598 3507 eant
612 3456 643 3507 et
658 3444 796 3507 redeant.
843 3444 884 3518 Q.
901 3466 928 3507 e.
944 3443 975 3506 d.

138 3552 237 3613 Corol.
257 3559 284 3612 l.
309 3551 410 3638 Igitur
425 3572 513 3636 aquae
528 3550 723 3614 ascendentis
738 3562 769 3613 et
785 3549 1011 3626 descendentis,
1034 3551 1097 3614 sive
1112 3562 1215 3613 motus
1231 3548 1380 3613 intensior

89 3657 128 3719 sit
144 3657 207 3718 sive
223 3656 389 3734 remissior,
405 3657 488 3720 vices
505 3678 611 3720 omnes
627 3670 699 3720 sunt
713 3654 897 3719 isochronae.

133 3768 232 3830 Corol.
249 3775 279 3829 2.
303 3768 337 3831 Si
352 3766 514 3854 longitudo
529 3787 618 3852 aquae
633 3766 728 3830 totius
743 3766 776 3829 in
791 3765 890 3829 canali
904 3766 945 3830 sit
958 3765 1074 3849 pedum
1100 3765 1311 3829 Parisiensum
1327 3765 1377 3844 63.

119 3977 175 4040 (¹)⁸
195 3981 325 4027 lirillaert
334 3977 643 4041 pondaadapliraram,&c.
676 3975 721 4024 Est
751 3975 810 4024 etin
822 3974 924 4036 cycloide
935 3983 1057 4037 aequamur
1072 3971 1203 4033 respective.
1239 3973 1284 4021 sed
1301 3976 1377 4022 obser·

88 4042 150 4086 enim
163 4043 196 4088 rb
207 4043 247 4088 ilia
258 4042 350 4103 pondus
361 4053 409 4089 tam
421 4058 488 4106 aque
501 4042 523 4089 Ε
539 4044 561 4088 Δ
576 4041 598 4088 B
609 4040 637 4097 P,
648 4055 720 4102 quam
752 4039 854 4085 randum
865 4049 900 4086 est
910 4038 1053 4098 superficiem
1069 4040 1091 4084 Α
1103 4039 1133 4094 Β,
1145 4053 1194 4085 erre
1203 4037 1279 4084 locum
1288 4037 1377 4101 aquili·
1482 4094 1485 4101 Ι

91 4118 157 4164 eque
169 4107 265 4168 aqualia
279 4108 299 4154 C
314 4107 335 4154 G
350 4107 376 4153 H
393 4107 424 4153 D.
751 4103 803 4160 brii,
816 4101 926 4164 adquam
938 4118 992 4149 cum
1003 4117 1063 4163 eque
1073 4102 1183 4164 pervenit,
1201 4102 1266 4148 nulli
1278 4103 1377 4163 amplius

121 4166 157 4226 (¹)
171 4173 182 4197 ⁸
197 4173 235 4216 Ad
254 4173 354 4219 VPscu
370 4172 392 4217 Ρ
404 4174 434 4217 Β.
472 4167 631 4229 Semi-cyrloir
650 4166 671 4213 P
685 4167 715 4224 R,
750 4167 772 4212 vi
790 4164 948 4213 ecceleratrire
966 4173 1069 4276 υτὲεωτ,
1089 4165 1129 4212 sed
1149 4164 1269 4212 velocitate
1284 4177 1376 4214 uatum

88 4231 183 4291 aequalis
194 4243 228 4278 est
239 4233 378 4295 longitudini
391 4233 497 4293 penduli,
511 4237 564 4296 (per
577 4233 630 4279 Cor.
644 4231 713 4292 Prop.
748 4228 860 4293 Quiriti
877 4229 973 4275 ulteribs
1005 4228 1107 4276 escendit
1122 4228 1157 4276 rel
1175 4229 1291 4288 arcendit;
1308 4229 1376 4277 sicuti

88 4293 117 4339 L.
136 4295 186 4340 Lib.
205 4296 246 4355 1.).
750 4310 834 4355 carpta
850 4293 979 4353 pendulum
993 4292 1082 4340 Pdum
1098 4294 1201 4354 pervenit
1212 4293 1235 4339 in
1248 4295 1325 4340 locum
1336 4309 1376 4354 cy·

120 4356 149 4417 (¹)
163 4365 216 4404 313.
239 4364 250 4388 ⁸
266 4360 370 4420 lamque,
382 4365 401 4408 a·
411 4379 473 4423 aqua
488 4371 508 4409 er
518 4363 655 4421 nudulum,
673 4361 715 4406 &a
750 4358 831 4407 cloidis
840 4357 949 4403 infimum
962 4357 984 4404 P
999 4357 1047 4404 coli
1064 4356 1183 4404 velocitate
1198 4357 1308 4420 acquisiti
1324 4371 1374 4403 mo·

89 4419 119 4466 Id
136 4422 337 4468 evidentissimum
354 4424 380 4469 fit
399 4426 417 4470 si
435 4426 526 4484 pondus
546 4425 566 4470 P
581 4423 652 4484 quod,
669 4438 718 4469 me·
750 4433 822 4469 vetur.
866 4420 936 4470 Unde
957 4436 1005 4482 quo
1028 4431 1131 4481 tempore
1154 4436 1214 4482 equa
1238 4421 1374 4468 descensum

87 4496 157 4530 nante
173 4485 325 4531 oscillationis
336 4485 406 4531 unius
417 4498 520 4547 tempore
531 4498 606 4548 potest
617 4486 645 4533 ad
657 4486 716 4534 arbi·
751 4501 826 4533 unum
841 4484 939 4532 absolvit
949 4485 973 4530 in
986 4500 1052 4532 crure
1062 4484 1172 4531 alterutro
1182 4485 1274 4538 canalia,
1291 4482 1374 4529 eodem

86 4548 157 4593 trium
181 4548 276 4603 assumi,
300 4549 404 4608 capiatur
425 4551 513 4610 equale
534 4550 630 4610 ponderi
650 4566 717 4612 aquo
749 4559 852 4608 tempore
866 4548 996 4609 pendulum
1006 4549 1173 4596 dealbationem
1189 4562 1260 4595 unam
1276 4561 1304 4593 ex
1321 4545 1373 4593 der-

87 4612 159 4656 totins
170 4612 195 4656 in
208 4613 298 4668 renali;
311 4613 360 4659 tlrm
373 4612 435 4658 enim
442 4615 502 4660 rirer
512 4616 626 4671 morricer,
636 4629 718 4660 massar
749 4627 819 4659 censu
831 4621 854 4658 et
864 4627 960 4659 moensu
972 4612 1123 4672 compositam
1134 4611 1229 4671 perficit,
1246 4609 1304 4657 duas
1319 4608 1374 4657 reni

87 4674 216 4729 movenda,
229 4685 252 4722 ct
262 4676 335 4735 spatia
345 4674 502 4732 (lambenda,
513 4677 715 4740 ideoqueettem·
747 4675 900 4723 oscillrtioner
915 4675 1012 4722 absolvit
1027 4674 1170 4721 intercedam
1187 4688 1270 4737 aquae
1281 4674 1332 4725 loeo
1350 4674 1372 4722 E

82 4753 139 4799 pora
157 4738 244 4802 quibus
266 4738 340 4800 spada
356 4737 397 4786 ille
414 4737 581 4796 &ananan
598 4739 625 4787 in
639 4740 715 4788 enneli
746 4736 1129 4789 mdes-amnuit.
