3322 5738
79 402 372 482 brustemia]
405 403 643 470 PRINCIPIA
667 403 1036 477 MATHEMATICA.
1300 426 1363 482 209

122 577 190 639 Cas.
214 582 245 638 2.
293 575 449 639 Ponamus
472 575 558 661 qubd
582 576 744 660 particulae
772 577 867 640 medii
897 579 930 640 in
959 580 1088 666 globum
1117 584 1165 648 vel
1187 586 1361 671 cylindrum

77 686 249 749 incidentes
273 688 575 767 nonrellectantur3
599 701 630 750 et
652 686 810 773 cylindrus
824 687 991 751 incidendo
1012 694 1308 773 perpendiculariter
1329 700 1363 762 iu

77 793 245 876 particulas
269 793 440 876 simplicem
464 816 551 857 suam
575 794 768 857 velocitatem
794 795 867 876 ipsis
894 799 1142 876 communicabit,
1167 803 1297 888 idedque
1312 828 1362 869 re·

77 901 247 977 sistentiam
261 901 378 984 patitur
392 900 490 983 dupio
504 902 656 964 minorem
671 897 764 986 qualus
778 900 811 962 in
825 901 931 982 priore
946 923 1029 978 casu,
1046 918 1078 967 et
1093 907 1265 971 resistentia
1274 911 1361 996 globi

76 1010 135 1073 erit
142 1010 241 1073 etiam
256 1010 353 1094 duplo
367 1011 469 1072 minor
484 1008 578 1095 qudm
591 1010 688 1092 prius.

122 1118 190 1180 cas.
207 1126 236 1181 8.
283 1116 441 1181 Ponamus
464 1116 548 1201 quod
570 1114 731 1198 particulae
746 1115 842 1178 medii
857 1117 887 1178 vi
902 1118 1079 1183 reflexionis
1102 1142 1202 1206 neque
1224 1125 1360 1190 maximd

79 1243 180 1307 neque
197 1220 292 1297 nullia,
309 1221 365 1284 sed
380 1221 530 1285 mediocri
544 1220 646 1305 aliqud
661 1220 800 1285 resiliant
813 1222 936 1309 aglobo
944 1248 953 1300 ;
969 1238 1000 1288 et
1015 1227 1187 1292 resistentia
1200 1230 1287 1317 globi
1301 1234 1361 1298 erit

76 1327 110 1390 in
123 1325 233 1390 erdem
248 1328 367 1391 ratione
382 1327 532 1391 mediocri
547 1328 628 1390 inter
642 1327 846 1391 resistentiam
861 1328 894 1391 in
909 1330 1012 1412 primo
1026 1353 1099 1396 casu
1108 1347 1140 1397 et
1154 1336 1360 1403 resistentiam

75 1436 270 1500 insecundo.
316 1436 358 1513 Q.
374 1459 403 1501 e.
419 1439 440 1500 i.

18 1579 23 1596 ·
121 1546 219 1609 Corol.
237 1553 265 1608 1.
310 1544 398 1610 Hinc
424 1545 451 1609 si
474 1544 587 1632 globus
609 1558 641 1610 et
661 1543 821 1629 particulae
843 1546 906 1608 sint
927 1546 1047 1611 infinite
1067 1550 1155 1628 dura,
1180 1566 1212 1616 et
1227 1555 1258 1618 vi
1273 1556 1359 1619 omni

76 1651 210 1729 elasticd,
226 1665 257 1716 et
271 1665 437 1738 propterea
451 1654 544 1718 etiam
557 1655 588 1716 vi
603 1654 689 1718 omni
703 1655 880 1719 reflexionis
894 1655 1059 1722 destituta:
1084 1662 1257 1727 resistentia
1270 1664 1358 1752 globi

76 1760 135 1823 erit
148 1759 190 1823 ad
203 1761 265 1823 vim
280 1759 340 1846 qual
357 1773 440 1825 totus
454 1762 520 1844 ejus
534 1774 638 1824 motus
653 1760 702 1824 vel
716 1761 829 1826 auferri
843 1764 942 1845 possit
956 1764 1004 1828 vel
1018 1769 1171 1851 generari,
1193 1791 1257 1854 quo
1279 1785 1358 1835 tem·

74 1886 151 1948 pore
165 1865 277 1953 globus
292 1880 425 1952 quatuor
440 1867 545 1930 tertias
561 1879 664 1950 partes
679 1866 821 1931 diametri
836 1890 901 1931 suae
915 1868 1072 1947 describit,
1089 1885 1124 1935 ut
1135 1873 1271 1939 densitas
1292 1898 1358 1940 me·

74 1972 117 2036 dii
132 1966 172 2036 ad
187 1972 372 2037 densitatem
387 1971 484 2059 globi.

119 2082 217 2144 Corol.
234 2088 264 2143 2.
310 2080 349 2165 (ι’)
375 2078 563 2145 Resistentia
583 2078 680 2166 globi,
707 2081 826 2143 caeteris
848 2081 985 2163 paribus,
1008 2097 1054 2147 est
1075 2085 1108 2146 in
1127 2084 1285 2169 duplicata
1306 2109 1358 2154 ra·

73 2185 158 2249 tione
172 2185 351 2249 velocitatis.

119 2293 218 2356 Corol.
234 2301 264 2355 3.
297 2291 341 2373 (†)
360 2289 547 2354 Resistenda
559 2291 656 2378 globi,
673 2291 792 2355 caeteris
806 2291 943 2375 paribus,
959 2304 1006 2357 est
1020 2295 1053 2356 in
1068 2294 1224 2376 duplicati
1236 2297 1356 2364 ratione

74 2396 229 2462 diametri.

119 2507 216 2570 Corol.
233 2514 263 2569 4.
309 2503 496 2567 Resistentia
509 2503 604 2592 globi,
621 2505 740 2570 caeteris
754 2505 892 2590 paribus,
909 2518 1004 2570 estut
1019 2507 1154 2572 densitas
1169 2510 1273 2574 medii.

118 2617 214 2679 Corol.
232 2625 261 2680 5.
309 2614 495 2679 Resistentia
515 2613 600 2701 globi
623 2616 723 2679 estin
744 2614 863 2676 ratione
888 2635 958 2699 quae
980 2615 1177 2699 componitur
1191 2639 1231 2681 ex
1251 2617 1355 2702 dupli·

72 2720 139 2784 cati
160 2723 279 2786 ratione
301 2721 470 2786 velocitatis
486 2733 518 2785 et
531 2720 688 2805 duplicata
710 2722 830 2784 ratione
850 2720 992 2783 diametri
1007 2735 1039 2784 et
1053 2722 1171 2786 ratione
1193 2724 1353 2790 densitatis

72 2827 174 2890 medii.

118 2935 215 2998 Corol.
231 2944 262 2999 6.
307 2933 350 2997 Et
363 2947 467 2998 motus
480 2932 567 3021 globi
581 2955 654 2998 cum
668 2935 733 3019 ejus
748 2934 922 2998 resistentia
943 2935 987 2998 sic
1007 2936 1122 3019 exponi
1147 2913 1258 3020 potest.
1305 2937 1352 3004 Sit
1427 2960 1436 2979 ·

72 3043 103 3104 A
119 3042 147 3106 B
162 3056 284 3125 tempus
299 3064 362 3127 quo
376 3031 488 3128 globus
510 3063 568 3125 per
589 3042 792 3105 resistentiam
814 3065 901 3106 suam
923 3043 1116 3107 uniformiter
1140 3046 1350 3111 continuatam

71 3159 169 3212 totum
193 3168 283 3208 suum
306 3159 425 3209 motum
451 3147 590 3210 amittere
613 3159 723 3230 potest.
769 3147 820 3210 Ad
846 3148 921 3211 AB
946 3149 1104 3236 erigantur
1130 3151 1351 3233 perpendicula

72 3254 103 3315 A
117 3254 161 3329 D,
191 3252 219 3315 B
236 3250 273 3314 C.
320 3251 427 3337 Sitque
451 3251 479 3315 B
496 3252 524 3315 C
546 3266 646 3316 motus
661 3252 712 3316 ille
727 3264 819 3329 totus,
842 3267 874 3317 et
887 3276 944 3337 per
958 3269 1107 3337 punctum
1124 3257 1152 3318 C
1167 3257 1348 3340 asymptotis

101 3486 161 3549 (⁵)'
177 3488 312 3534 scammis
327 3488 393 3547 globi,
413 3488 608 3546 cateriaparibus,
625 3488 693 3533 ertia
725 3484 826 3531 motibus
840 3483 880 3545 qui
897 3482 1032 3538 uniformes,
1050 3482 1130 3530 saltem
1147 3498 1218 3545 quem
1233 3484 1347 3545 proxim,

68 3548 418 3612 dupdicotdrationeoeloct'totis.
455 3550 532 3595 ‘Sint
542 3549 605 3610 globi
617 3565 693 3610 erque-
725 3559 855 3603 censentur,
878 3563 934 3609 ergo
954 3547 1087 3594 resistentie
1108 3559 1276 3595 momentaneo
1291 3561 1347 3597 sunt

67 3630 101 3662 ,es
112 3615 136 3661 in
148 3613 230 3660 εοάειη
241 3613 318 3659 medio
329 3613 386 3659 moti
397 3612 546 3660 diversicula
555 3613 689 3669 velocitate5
722 3613 757 3659 bia
773 3621 799 3658 ut
815 3611 951 3666 velocitates,
970 3611 1014 3658 boc
1031 3620 1066 3659 est
1084 3611 1108 3657 in
1126 3611 1214 3659 ratione
1229 3612 1347 3673 duplicati

67 3689 145 3725 motus
156 3688 220 3724 totus
232 3677 455 3739 uniuscujuequeest
463 3675 492 3723 ud
504 3686 592 3723 motum
603 3677 691 3735 abipso
721 3675 854 3722 velocitatis.

67 3742 266 3788 communicatum
288 3750 391 3800 tempore
406 3756 453 3802 quo
473 3739 532 3787 duas
549 3743 690 3787 tertianae
754 3739 792 3801 (†)
807 3742 819 3769 0
833 3740 968 3785 resistenda
981 3739 1048 3799 globi,
1059 3741 1144 3786 caeteris
1151 3740 1254 3800 rioribus,
1270 3748 1302 3786 ert
1318 3741 1344 3787 r'n

67 3805 172 3852 diesnetri
194 3806 314 3866 percunit,
337 3814 363 3851 ut
379 3804 501 3851 densitates
518 3804 640 3866 globorum
659 3803 688 3848 etl
720 3800 936 3862 duplicatdrott'mre
946 3803 1059 3849 diametri.
1095 3805 1106 3832 ⁶
1127 3802 1179 3849 Sint
1194 3803 1257 3864 globi
1272 3802 1344 3863 aqui·

68 3868 191 3917 densitates
209 3868 348 3923 mediorum,
368 3867 465 3929 idedque
482 3883 510 3914 es
528 3866 647 3928 hypothesi
664 3867 688 3912 in
721 3867 816 3922 veloces,
834 3863 900 3928 :quel
916 3865 988 3920 densi,
1004 3865 1028 3910 ia
1039 3863 1121 3911 eodem
1133 3864 1210 3911 medio
1222 3865 1285 3922 moti,
1303 3864 1344 3912 sed

69 3931 150 3979 eidem
161 3934 256 3989 ratione,
268 3948 325 3995 ergo
335 3933 405 3979 etiam
416 3931 523 3978 velocitas
533 3932 604 3977 unius
614 3940 648 3976 est
659 3927 688 3976 ed
720 3928 816 3975 divense
831 3930 876 3975 siut
891 3943 971 3976 earum
982 3927 1096 3983 diametri,
1113 3925 1232 3988 fingantur
1243 3931 1290 3975 duo
1301 3944 1341 3990 cy.

69 3997 211 4044 velocitatem
226 3997 322 4043 alterius
333 4006 360 4042 ut
370 4005 447 4042 metris
457 3998 486 4042 alr
496 3995 543 4041 illia
558 3994 688 4040 mamoni-
720 3990 790 4038 lindri
800 3991 904 4053 ejusdam
917 4005 971 4036 cum
982 3991 1009 4036 iis
1021 3991 1135 4046 diametri,
1152 4001 1174 4037 et
1185 3992 1254 4038 etiam
1271 3993 1342 4055 oqui.

69 4060 113 4106 rati
124 4061 265 4120 temporibus
278 4061 364 4122 quibus
378 4060 437 4106 duas
448 4059 523 4106 tertias
533 4073 627 4104 suarum
639 4056 688 4103 dis·
720 4054 842 4129 relocatam
852 4053 1000 4129 pqueUdensi,
1016 4054 1149 4128 resistentie
1160 4069 1216 4116 quas
1227 4056 1343 4116 patientur

69 4134 194 4233 3²³⁰?
209 4121 688 4247 lttaltutlttltttllstltt
720 4117 1342 4245 ffii'lffl'bffllss‘alddalldffl

69 4250 143 4295 nimae
159 4251 265 4312 utrinque
280 4253 387 4314 equales,
404 4264 427 4300 et
437 4252 492 4314 quia
503 4249 629 4297 resistentia
639 4249 686 4294 sin·
719 4245 779 4293 tium
795 4256 850 4293 suat
860 4254 887 4291 ut
903 4244 1013 4306 quadrata
1024 4244 1202 4294 marmurae
1221 4247 1261 4295 ed
1272 4248 1341 4296 facile

67 4314 130 4375 gulia
141 4315 269 4371 momentis,
281 4315 384 4376 ejusdem
394 4316 457 4378 globi
468 4324 579 4375 respectu,
597 4312 688 4360 unifor—
717 4308 789 4372 liquet
800 4308 937 4356 resistendas
943 4308 1100 4370 cylindrorum
1109 4310 1260 4373 etgloborum
1268 4314 1341 4374 tequi-

68 4379 114 4422 mis
123 4389 236 4434 censetur,
250 4379 384 4425 resimas·
394 4390 565 4427 momentaneae·
572 4387 640 4424 erunt
650 4375 685 4423 di·
718 4373 838 4430 velocium,
850 4371 953 4435 ejusdem
961 4372 1073 4430 diametri,
1085 4374 1110 4420 in
1118 4374 1200 4422 eodem
1208 4375 1341 4423 medioeaee

67 4440 129 4486 recte
141 4453 166 4486 ut
176 4453 254 4489 motus
264 4441 340 4488 amini
351 4454 374 4487 et
385 4443 471 4488 inverse
483 4454 509 4489 ut
520 4454 622 4502 ternpore
637 4438 688 4503 qui·
720 4437 744 4485 in
756 4437 811 4484 dett
817 4439 912 4493 radone,
924 4451 980 4499 ergo
991 4448 1018 4483 ut
1028 4437 1232 4486 redstentiaunius
1242 4439 1352 4499 cylindri·

67 4506 111 4550 bue
122 4506 267 4562 amittuntur,
286 4505 326 4552 nal
342 4516 420 4553 motus
432 4499 508 4552 missi
524 4518 580 4553 sunt
590 4515 617 4552 ut
627 4504 689 4550 velo·
719 4502 749 4551 sd
761 4502 912 4548 resistentiam
919 4500 1018 4554 darius
1027 4501 1191 4550 immittentis
1199 4503 1269 4550 unius
1276 4501 1340 4563 globi

67 4569 147 4614 citatas
162 4567 247 4614 directe
259 4580 281 4615 er
292 4581 396 4628 tempora
406 4579 459 4614 sunt
470 4569 557 4616 lurersd
568 4579 595 4617 ut
605 4567 688 4617 veloci·
720 4566 911 4613 admittentium
922 4564 1023 4619 alterius,
1040 4575 1094 4612 suut
1104 4581 1161 4629 ergo
1170 4565 1294 4631 globatum
1303 4579 1339 4615 tt·

66 4642 132 4687 ntes,
149 4631 206 4693 quie
225 4632 327 4694 ml·
346 4630 505 4695 lomina&
523 4641 690 4694 pennantur
720 4630 828 4678 menda
838 4627 1169 4691 utqusdmdismetrarum.

98 4715 159 4764 Vos.
175 4715 212 4764 11.
693 4712 717 4761 0
