3322 5738
99 410 212 476 Lrsnn
229 410 392 493 siccin]
436 409 674 477 PRINCIPIA
706 410 1076 482 MATHEMATICA.
1318 426 1381 484 288

100 583 258 670 cylindrus
274 583 313 646 de
328 606 391 668 quo
405 584 535 671 agimus,
558 597 590 648 et
603 598 707 670 partes
722 597 871 650 extremae
886 587 917 649 A
934 587 962 650 B
979 588 1007 651 E
1022 600 1053 651 et
1069 588 1097 652 C
1114 589 1146 651 D
1163 588 1383 652 Fcontinennt

100 709 204 778 partes
228 694 317 756 fluidi
342 695 422 756 iuter
447 717 481 758 se
506 695 696 779 quiescentes
722 696 811 760 etin
836 716 969 778 corpora
994 695 1057 758 duo
1086 696 1186 782 rigido
1210 710 1380 773 concretus,
1412 774 1417 781 Ι

100 800 627 887 quaecylindroutrinquetunquum
656 825 658 829 ·

100 918 235 990 caputet
249 906 348 996 caude
362 905 550 971 udhoeresnt
581 907 624 972 Et

100 1014 191 1078 solidi
217 1013 292 1078 EA
309 1013 337 1076 C
355 1013 382 1077 F
396 1015 431 1078 D
448 1014 486 1091 B,
513 1035 622 1078 secun-

98 1123 174 1186 dum
182 1122 409 1208 longitudinem
418 1123 485 1185 axis
494 1121 542 1185 sui
555 1121 582 1184 F
593 1119 623 1184 E

98 1232 130 1296 in
143 1244 249 1316 portes
259 1252 367 1295 versus
380 1229 622 1318 Eprogredien·

98 1337 147 1415 tis,
176 1337 349 1401 resistentia
374 1338 492 1400 cuerit
514 1358 623 1422 quem-

97 1443 241 1526 proxime
263 1464 356 1528 quem
377 1443 411 1506 in
433 1442 493 1506 htc
510 1444 630 1526 Propo-

98 1552 209 1616 sitione
231 1552 459 1636 descripsimus,
484 1551 518 1616 id
539 1563 596 1629 est,
621 1568 692 1634 quoe
714 1545 865 1609 rationem
881 1544 965 1606 illurn
979 1543 1074 1608 habet
1088 1545 1129 1607 nd
1144 1546 1205 1608 vim
1222 1546 1282 1633 qui
1298 1559 1381 1610 totus

97 1658 229 1745 cylindri
252 1671 364 1737 motus,
394 1660 513 1723 interes
537 1657 613 1722 dum
642 1652 805 1741 longitudo
834 1663 854 1715 4
877 1655 907 1715 A
931 1651 958 1714 C
988 1665 1074 1714 motu
1103 1652 1157 1716 illo
1186 1654 1381 1721 uniformiter

97 1767 276 1830 continuato
299 1765 492 1831 describatur
512 1766 563 1830 vel
585 1764 652 1828 tolli
666 1763 765 1847 possit
778 1760 827 1824 vel
840 1761 992 1846 generari,
1017 1784 1110 1846 quam
1133 1761 1269 1826 densitas
1291 1763 1380 1827 fluidi

96 1875 190 1938 hebet
212 1875 252 1938 ud
278 1875 463 1940 densitatem
486 1874 620 1962 cylindri
646 1869 891 1958 quamproxime.
937 1871 976 1955 (ἱ)
1001 1871 1044 1935 Et
1069 1871 1128 1936 hic
1151 1873 1182 1934 vi
1208 1872 1381 1936 resistentie

95 1984 196 2048 minor
221 2007 289 2049 esse
312 2007 376 2050 non
401 1996 505 2068 potest
529 1981 624 2071 quim
647 1981 682 2044 in
704 1980 823 2044 ratione
849 1987 869 2041 2
895 1977 934 2042 od
960 1987 990 2042 8.
1013 2000 1070 2062 per
1098 1980 1204 2044 Corol.
1229 1988 1257 2049 7.
1283 1981 1378 2065 Prop.

98 2093 265 2157 XXXVI.

130 2276 722 2340 (¹)·mttrstmtsenstanssoremms

95 2351 173 2401 potest
201 2342 244 2388 &c
282 2343 422 2391 hiantia
446 2348 498 2408 (per
520 2345 575 2394 Cor.
599 2349 621 2393 ’1.
646 2345 717 2406 Pion

101 2403 241 2463 xxxvl.)
260 2406 336 2453 minor
351 2421 464 2454 essenon
480 2407 667 2470 potestpondere
682 2423 723 2470 cy·

96 2465 166 2513 lindri
176 2482 251 2530 sque,
268 2469 336 2531 cujus
352 2471 412 2519 basis
428 2481 463 2518 est
478 2471 585 2519 circellus
597 2471 618 2520 Ρ
629 2472 654 2528 Q
665 2472 724 2537 (sive

101 2545 171 2606 sn)
191 2534 619 2613 eruutunlnnoeulrro.
655 2547 724 2612 (vn

97 2609 185 2672 figuras
200 2612 350 2673 superiores.)
385 2613 501 2661 Velocius
510 2629 581 2677 qusm
596 2613 634 2660 hic
649 2613 723 2675 cylin-

96 2673 152 2720 drus
162 2690 238 2736 aquae,
256 2677 278 2722 si
294 2677 403 2736 ponderis
412 2677 449 2724 sui
461 2677 565 2725 osdendo
575 2686 599 2724 et
609 2692 664 2724 casu
681 2692 725 2725 suo

97 2736 247 2785 describendo
266 2739 413 2788 altitudinem
433 2741 456 2788 Ε
470 2742 491 2788 L
507 2741 611 2804 sequirit,
629 2740 725 2802 aqudis

97 2811 131 2845 est
148 2802 263 2850 velocitati
279 2819 333 2851 cum
350 2805 396 2866 qui
412 2804 530 2865 cylindrus
544 2809 565 2852 A
580 2805 638 2852 CD
652 2805 681 2861 B,
698 2804 724 2852 in

98 2864 160 2925 equi
170 2877 277 2914 moretur
288 2872 328 2930 (es
340 2867 416 2927 dem.)
428 2879 452 2916 et
461 2867 515 2916 ided
525 2868 581 2916 crim
591 2868 651 2916 basis
663 2869 687 2916 A
700 2868 723 2917 B

99 2929 128 2973 sit
144 2928 213 2976 etism
233 2931 325 2992 utrique
344 2930 449 2992 cylindro
470 2932 608 2987 communis,
630 2931 724 2991 pondus

97 2991 195 3051 cylindri
216 3009 284 3056 aque
303 2995 348 3041 erit
364 2993 394 3041 ad
412 2994 459 3041 rim
478 2995 525 3056 qui
543 3005 605 3041 totus
626 2994 724 3055 cylindri

100 3056 121 3099 A
143 3055 163 3101 B
184 3055 207 3101 D
225 3057 245 3102 C
263 3066 348 3109 motus,
366 3071 415 3118 quo
432 3066 536 3117 tempore
553 3056 724 3118 longitudinem

100 3123 114 3163 t
128 3117 150 3162 A
165 3118 184 3163 C
202 3119 349 3167 uniformiter
359 3120 476 3174 denubit,
488 3121 594 3183 geneturi
606 3121 678 3180 pouit
688 3121 725 3169 val

98 3178 157 3234 tolli,
177 3179 201 3225 in
218 3181 306 3230 rstioue
322 3182 488 3243 compositior
499 3184 589 3232 rstione
603 3183 724 3233 denn'tstis

96 3244 475 3309 squssduensttstemcytindri
492 3248 631 3306 ABDC,
648 3258 723 3297 etru-

95 3319 159 3365 sone
174 3311 333 3388 urrunnu}
347 3325 370 3371 n
382 3324 404 3372 n
415 3323 445 3371 ut
456 3323 604 3372 minum
617 3325 640 3372 A
655 3325 682 3379 c,
698 3333 724 3375 ss

96 3383 185 3430 rstione
195 3387 264 3445 spstii
280 3392 330 3434 4A
347 3388 368 3435 C
384 3389 414 3434 sd
430 3389 529 3448 spstium
547 3388 632 3435 tEL
644 3389 721 3451 (2⁸0),

96 3445 121 3492 id
132 3457 174 3503 est,
192 3448 215 3494 in
227 3449 315 3500 ratione
326 3451 454 3512 compositi
464 3466 493 3498 ea
504 3452 593 3499 rstione
603 3451 722 3501 densitatis

96 3525 163 3570 squss
180 3511 210 3557 sd
229 3512 365 3563 densitatem
383 3514 483 3576 cylindri
505 3517 527 3562 A
543 3517 564 3563 B
578 3516 603 3562 D
616 3516 636 3563 C
650 3526 721 3563 etrs·

95 3573 158 3620 tione
170 3580 185 3621 2
196 3575 226 3623 sd
237 3583 259 3624 8.
296 3580 321 3626 Si
339 3580 417 3640 itaque
432 3580 466 3625 vis
481 3578 529 3641 qui
543 3589 606 3627 totus
624 3579 722 3639 cylindri

97 3639 120 3684 A
141 3639 163 3685 B
183 3639 208 3685 D
228 3640 248 3687 C
268 3653 355 3698 motus,
381 3642 526 3690 interesdum
549 3642 720 3706 longitudinm

95 3703 146 3748 ⁴A
160 3703 189 3757 C,
207 3704 356 3754 uniformiter
370 3707 485 3761 uminis.
505 3709 608 3768 geneturi
619 3706 655 3754 rel
669 3707 720 3754 tolli

93 3766 172 3826 possit,
193 3768 223 3815 sit
233 3769 263 3815 sd
274 3771 322 3818 vim
358 3771 363 3782 '
447 3771 476 3828 P,
494 3779 521 3818 ut
531 3770 630 3818 densitas
646 3772 719 3834 cylin-

96 3828 352 3883 driABDCad
384 3834 719 3899 mitam-prmum

98 3894 177 3955 aquo)
193 3896 719 3961 pondusproedicticylindrisqunsdrimi’

95 3965 122 4002 ut
133 3961 148 4002 2
158 3957 187 4005 sd
198 3967 220 4015 8.
232 3963 302 4037 stryud
313 3963 367 4012 idei
377 3961 468 4024 pondua
475 3962 574 4023 cylindri
584 3977 658 4023 aquo,
669 3976 717 4024 quo

95 4020 223 4135 spuens:
234 4041 311 4075 minor
321 4042 370 4076 use
380 4041 429 4076 non
445 4037 534 4087 potsst3
553 4040 625 4090 qusm
640 4027 665 4074 in
679 4038 716 4073 ra-

95 4091 183 4133 uone2
235 4095 257 4137 8.
