3322 5738
346 867 547 946 INDEX
574 867 1068 950 PROPOSITIONUM

519 1088 648 1156 LIBRI
673 1091 888 1158 SECUNDI.

195 1455 299 1505 Puot‘.
322 1456 342 1504 1.
378 1456 514 1505 Timore
535 1456 556 1504 l.

66 1537 182 1600 Corporis,
194 1539 232 1586 cui
244 1541 355 1587 resistitur
362 1541 386 1587 in
395 1542 482 1588 rstione
490 1538 622 1598 velocitatis,

97 1614 176 1650 motus
186 1618 213 1649 es
226 1603 354 1650 resistentid
364 1606 467 1660 emissus,
485 1617 519 1651 est
535 1615 561 1651 ut
571 1620 623 1664 sps·

639 1417 676 1458 η

758 1456 838 1517 prime
849 1457 945 1517 inverse,
961 1458 1068 1507 amittent
1084 1471 1158 1520 partes
1173 1472 1280 1508 motunm
1297 1424 1334 1464 η

760 1521 940 1581 proportionales
955 1524 1015 1576 totis,
1032 1534 1055 1570 et
1066 1525 1138 1584 spatie
1154 1526 1282 1574 describent

759 1586 900 1645 temporibus
919 1587 967 1633 istis
982 1599 1006 1634 et
1028 1589 1185 1636 velocitatibus
1202 1590 1283 1650 primis

96 1665 157 1714 tium
168 1667 285 1714 movendo
300 1670 430 1715 conlectum
433 1700 620 1716 ..................
656 1672 686 1715 13
758 1650 900 1711 ⁰⁰⁰l⁰⁰⁰¹l¹⁰
914 1652 1091 1711 Pf⁰P⁰ffi⁰¹¹⁸ll⁸
1093 1686 1279 1701 ··················
1315 1658 1344 1700 ⁴2

185 1772 288 1820 PROP·
306 1774 341 1820 11.
377 1773 514 1821 THEOR.
528 1773 565 1820 11.

66 1856 91 1904 Si
101 1856 190 1916 corpori
202 1856 313 1903 resistitur
323 1857 347 1902 in
359 1858 447 1903 ratione
456 1855 587 1910 relocitstis,
599 1866 623 1903 et

96 1920 160 1966 idem
176 1920 258 1965 soliti
271 1920 339 1965 insiti
350 1935 391 1978 per
401 1919 504 1965 medium
521 1919 622 1966 similare

95 1993 621 2043 moventur.sumenturaotemtemporaoequa-

96 2045 140 2093 lia:
161 2047 291 2093 velocitates
307 2047 330 2091 in
347 2046 465 2105 principiis
475 2045 621 2108 singulorum

96 2121 227 2169 temporum
244 2111 338 2156 suntin
356 2112 512 2171 progressione
528 2125 622 2172 geome-

95 2174 160 2225 trici,
182 2185 205 2219 et
223 2173 295 2232 spatis
310 2173 409 2233 singulis
425 2175 566 2233 temporibus
581 2173 620 2219 de-

94 2239 179 2298 scripta
195 2247 249 2283 sunt
261 2246 286 2282 ut
298 2237 429 2283 velocitates
430 2270 617 2285 ..................
625 2234 679 2284 ibid.

188 2339 291 2386 PROP.
309 2338 360 2385 lll.
399 2338 527 2386 Pisoni„
543 2339 563 2386 l.

65 2424 175 2484 Corporis
185 2425 231 2480 cui,
248 2423 306 2470 dum
323 2424 347 2469 in
363 2423 441 2471 medio
455 2425 549 2471 similari
561 2424 622 2472 recti

95 2489 198 2535 ascendit
215 2488 250 2533 vel
270 2487 396 2542 descendit,
416 2489 528 2535 resistitur
545 2488 569 2533 in
586 2504 622 2535 rs·

95 2556 160 2599 tione
181 2551 313 2607 velocitatis,
335 2552 443 2613 qnodque
463 2555 493 2598 sb
512 2553 622 2598 uniformi

823 1749 927 1797 PROP.
942 1751 1019 1799 Vlll.
1056 1753 1191 1802 Timore
1207 1755 1253 1801 vl.

729 1833 754 1881 si
765 1848 847 1893 eorpus
858 1833 881 1880 in
893 1835 970 1882 medio
980 1838 1096 1892 uniformi,
1108 1839 1218 1899 gravitate
1228 1840 1282 1885 nni-

758 1897 862 1943 formiter
868 1900 1137 1960 egenti-,recusaremus
1145 1903 1179 1947 vel
1189 1903 1282 1949 descen-

758 1960 804 2015 dat.
821 1972 845 2007 et
855 1963 955 2021 spetimo
967 1974 1041 2009 toturn
1052 1964 1191 2024 descriptum
1202 1965 1284 2011 distin-

758 2035 844 2086 guntur
852 2025 876 2071 in
884 2035 958 2085 partes
966 2027 1072 2086 equales,
1085 2027 1155 2089 inque
1166 2029 1283 2089 principiis

758 2088 902 2149 singulorum
923 2091 1022 2149 partium
1043 2089 1161 2150 (addendo
1177 2094 1282 2138 resisten-

758 2153 812 2196 tism
823 2152 894 2198 medii
902 2152 931 2198 ed
939 2153 984 2197 sim
995 2153 1120 2213 gravitatis,
1132 2154 1281 2215 qusndooor-

758 2229 802 2273 pus
809 2217 919 2271 ascendit,
928 2216 963 2261 sel
971 2216 1123 2263 subducendo
1129 2219 1200 2277 ipsam
1207 2234 1282 2279 qusn-

758 2278 788 2324 do
798 2294 881 2337 corpus
897 2278 1026 2336 descendit)
1044 2282 1208 2340 investigentur
1223 2283 1282 2328 vires

758 2342 885 2398 sontum
902 2342 955 2388 dico
965 2342 1028 2404 quod
1040 2346 1099 2389 vires
1110 2343 1156 2389 ille
1171 2343 1283 2391 absolutes

757 2416 812 2452 sunt
823 2405 847 2451 in
858 2408 1017 2468 progressione
1026 2405 1172 2469 geometrici.
1176 2440 1280 2456 ..........

830 2514 930 2562 PROP.
946 2515 996 2562 1x.
1031 2516 1167 2564 THEOR.
1182 2516 1244 2564 Vll.

96 2626 208 2679 gravitate
219 2626 323 2677 urgetur,
339 2615 435 2662 delinire
446 2626 543 2662 motum.
546 2647 619 2664 .......
655 2620 684 2664 15
728 2598 812 2645 Pmlii‘
820 2600 868 2661 l⁸¹¹¹
880 2600 1046 2654 ‘lemn-³2¹¹&
1064 2601 1116 2648 (15⁰⁰
1126 2601 1188 2663 '1¹¹⁰‘i
1200 2602 1218 2648 ‘i
1230 2613 1281 2649 ¹⁸⁰·

183 2718 286 2767 PROP.
302 2719 349 2766 lv.
386 2718 514 2766 PROBL.
532 2718 569 2766 11.

67 2805 149 2855 Posito
164 2803 227 2866 quod
244 2805 278 2851 ris
293 2803 410 2867 gravitatis
421 2803 446 2849 in
456 2802 534 2850 medio
544 2802 622 2865 aliquo

97 2870 192 2918 similari
204 2868 327 2915 unisonnis
337 2869 372 2922 sit,
382 2883 408 2914 ac
416 2867 494 2913 tendet
502 2867 623 2926 perpendi-

96 2933 204 2981 celeriter
219 2930 356 2991 adplenum
373 2931 510 2986 borisorrtis;
527 2930 622 2977 delinire

96 3007 189 3043 motum
204 2995 326 3057 projectilis
338 2995 361 3040 in
373 2994 455 3039 eodem
470 2995 621 3039 resistentium

98 3059 211 3107 velocitati
223 3057 416 3120 proportionalem
432 3057 545 3118 potientis.
548 3091 621 3105 .......

181 3163 285 3212 Pttot‘.
302 3163 330 3209 V.
367 3161 502 3210 Trisson.
518 3162 571 3209 Ill.

68 3248 93 3299 ἃ
110 3248 200 3310 corpori
221 3248 333 3294 resistitur
351 3249 375 3294 in
394 3247 520 3294 velocitatis
535 3245 622 3292 ratione

97 3312 224 3374 duplientii,
241 3325 264 3358 et
275 3312 336 3358 idern
353 3311 400 3357 soli
412 3312 434 3356 vi
444 3311 511 3356 insiti
523 3326 563 3371 per
573 3324 622 3355 me·

98 3377 163 3424 dium
184 3375 283 3422 sintilore
299 3385 431 3432 nioteatur5
450 3386 552 3434 tempore
568 3371 622 3420 rcrd

98 3452 221 3488 sumantur
239 3439 263 3484 in
283 3441 439 3502 progressione
455 3437 622 3499 geometricis

98 3505 226 3551 minoribus
237 3503 340 3549 temiinis
350 3502 379 3549 od
390 3506 487 3565 majores
499 3512 618 3562 pergente:

98 3567 151 3615 dico
167 3567 230 3631 qnod
248 3566 379 3613 velocitates
397 3567 462 3612 initio
478 3566 623 3627 singulorum

98 3641 229 3692 temporum
249 3641 303 3677 sunt
322 3632 346 3676 in
363 3628 444 3676 eisdem
467 3630 622 3692 progressione

98 3693 239 3759 geometrici
250 3694 344 3747 inveni».
365 3705 388 3741 et
403 3694 465 3756 qndd
482 3694 553 3754 spotia
570 3703 624 3740 sunt

98 3758 203 3821 aqualis.
215 3775 268 3822 qun
279 3758 378 3820 singulis
389 3761 528 3819 temporibus
539 3756 623 3803 deseri.

97 3825 198 3872 buntur.
203 3853 621 3870 ........................................

173 3932 277 3981 Prtor’.
294 3930 340 3977 Vl.
377 3929 512 3977 Timon.
527 3928 572 3975 lV.

67 4014 432 4076 Corporssphrericnhomogenes
443 4022 465 4059 et
476 4011 622 4072 nqualisse·

97 4080 206 4127 essentiis
217 4082 240 4124 in
249 4077 367 4138 duplicatis
379 4078 466 4123 ratione
477 4076 624 4121 relocitntum

97 4142 248 4203 impedisset
266 4143 321 4188 solis
337 4142 422 4187 viribus
438 4139 511 4185 insitis
522 4139 622 4195 incitato,

97 4206 240 4267 temporibus
250 4222 303 4268 qure
313 4214 367 4252 sunl
379 4203 492 4264 reciproce
503 4213 529 4249 ut
541 4202 624 4248 veloci·

96 4272 205 4318 tstessub
216 4270 291 4323 initio,
304 4269 435 4315 describunt
446 4282 535 4327 semper
546 4282 624 4329 sequn-

98 4334 129 4381 lia
140 4335 220 4394 spatis,
237 4345 261 4380 et
271 4333 380 4378 ernittunt
390 4343 466 4391 partes
477 4330 624 4377 velocitetum

97 4397 278 4458 proportionales
285 4397 339 4442 totis
341 4427 623 4442 ...........................

179 4504 284 4552 Prior.
300 4503 362 4550 Vll.
398 4503 533 4551 THEOR
547 4504 577 4551 V.

65 4589 170 4651 Corpore
178 4590 379 4652 spbtericnquibus
390 4588 500 4634 resistitur
511 4589 534 4633 in
546 4588 624 4647 dupli·

96 4653 148 4702 esti
157 4656 244 4702 ratione
253 4654 408 4707 selo-itntum,
420 4653 561 4710 temporibus
571 4667 624 4713 quas

95 4729 152 4767 arnt
163 4730 189 4767 ut
199 4730 279 4766 motus
288 4717 357 4780 primi
367 4715 453 4762 directe
460 4725 484 4762 et
491 4715 624 4762 resistenti·

656 3826 685 3868 37

657 4399 689 4440 42

756 2673 837 2725 gentes
856 2665 996 2726 angulorum
1015 2667 1108 2712 sectoris
1125 2665 1244 2713 circularis
1258 2677 1282 2712 et

757 2728 849 2774 sectoris
863 2728 1002 2788 hyperbolici
1016 2741 1138 2776 sumantur
1157 2729 1282 2776 velocitati-

758 2793 801 2838 bus
812 2792 999 2850 proportionales,
1016 2793 1128 2839 existente
1140 2793 1205 2839 radio
1211 2794 1282 2855 jusus

758 2854 938 2916 magnitudinis:
958 2856 1001 2902 erit
1021 2867 1112 2916 tempus
1123 2871 1192 2903 omne
1202 2872 1282 2904 ucen-

758 2917 828 2963 dendi
845 2917 875 2964 ad
891 2919 969 2965 locum
986 2935 1106 2966 summurn
1117 2932 1143 2967 ut
1154 2932 1227 2967 sector
1238 2920 1282 2967 cir·

758 2982 813 3036 culi,
828 2991 851 3028 et
862 2992 953 3042 tempus
963 2998 1032 3030 omne
1043 2983 1195 3031 descendendi
1206 3000 1221 3031 a
1232 2984 1284 3032 looo

758 3059 850 3091 summo
860 3055 887 3091 ut
897 3056 969 3092 sector
980 3046 1109 3107 hyperbolis
1109 3079 1278 3097 ................
1310 3053 1342 3098 εἳ

846 3148 948 3196 PROP.
963 3150 994 3196 Χ.
1032 3151 1160 3199 ΡΒΟΒΙ..
1176 3151 1230 3198 Ill.

728 3231 820 3280 Tendst
836 3232 958 3279 uniformis
974 3234 1007 3280 vis
1023 3233 1236 3297 gnritstisdirectd
1252 3234 1282 3281 ad

758 3297 854 3356 planum
871 3297 1002 3354 horizontis,
1020 3299 1094 3362 sitque
1110 3299 1237 3346 resistentia
1253 3309 1280 3346 ut

757 3359 828 3406 medii
845 3359 945 3408 densiter
960 3373 983 3408 et
998 3364 1136 3424 quadratum
1156 3362 1281 3409 velocitatis

757 3424 913 3486 conjunctim:
936 3425 1060 3486 requiritur
1075 3437 1125 3473 tum
1142 3425 1213 3472 medii
1224 3425 1281 3471 den-

759 3488 813 3534 sitas
829 3487 852 3532 in
864 3487 920 3534 locis
929 3490 1034 3551 singulis,
1051 3506 1104 3552 quie
1114 3490 1182 3537 faeiat
1193 3501 1220 3536 ut
1230 3504 1280 3536 cor-

758 3566 802 3613 pus
811 3551 836 3597 in
848 3550 901 3598 detti
909 3552 1056 3613 quii-islineri
1067 3554 1137 3601 curri
1148 3563 1279 3611 moveatur3

758 3624 808 3661 turn
820 3616 921 3676 corporis
937 3617 1044 3664 velocitss
1054 3629 1077 3664 et
1088 3616 1158 3664 medii
1176 3616 1281 3663 resisten-

757 3678 891 3726 tisinlocis
901 3679 1005 3744 singolis.
1011 3712 1280 3729 ..........................
1313 3686 1345 3730 68

818 3795 920 3844 Prior.
935 3798 984 3845 xi.
1020 3796 1156 3845 THEOR.
1171 3796 1250 3845 v111.

729 3878 753 3928 Si
762 3880 850 3941 corpori
858 3882 975 3936 resistitur,
983 3881 1065 3941 pertim
1073 3881 1097 3927 in
1106 3880 1193 3927 ntione
1200 3879 1283 3927 reloci-

759 3943 819 4000 tatis,
828 3945 911 4004 partim
918 3945 942 3990 in
951 3945 1076 3991 velocitatis
1082 3947 1170 3990 ratione
1177 3943 1282 4004 duplics-
1370 3984 1378 3995 .

759 4007 790 4063 ti,
799 4007 891 4054 etidern
900 4007 977 4055 soliri
987 4008 1055 4054 insiti
1065 4008 1088 4053 in
1100 4007 1177 4054 medio
1188 4007 1283 4054 similari

759 4082 879 4119 movetur:
904 4082 1025 4119 sumantur
1041 4081 1119 4118 sutem
1135 4081 1239 4132 tempore
1257 4072 1284 4117 in

759 4135 917 4196 progressione
926 4135 1082 4182 arithmetici:
1096 4135 1234 4198 quantitates
1245 4150 1285 4182 re·

759 4197 889 4244 locitstibus
900 4198 1014 4258 reciprocd
1024 4199 1212 4260 proportionales,
1230 4198 1285 4246 dsti

759 4261 859 4324 quidem
875 4263 1002 4325 quantitate
1016 4274 1098 4321 sucta,
1118 4272 1186 4311 erunt
1196 4264 1220 4309 in
1231 4277 1283 4324 pro·

759 4327 875 4389 gressione
891 4327 1030 4390 geometrici
1031 4359 1283 4376 ........................
1316 4329 1347 4371 94

826 4436 929 4486 PROP.
944 4438 1010 4485 xu.
1047 4439 1096 4486 ΤΗ
1102 4439 1183 4485 EOR.
1199 4436 1248 4483 1x.

731 4523 817 4573 lisdem
829 4525 914 4585 positis,
926 4523 979 4571 dico
989 4521 1051 4586 qudd
1061 4523 1080 4568 si
1091 4521 1162 4582 spstia
1172 4520 1284 4578 descnpo

760 4600 882 4661 sumantur
902 4591 927 4633 in
944 4585 1108 4663 ⁴progressione
1135 4583 1283 4656 arithmetici,

760 4649 1285 4776 need-ennete
1318 4713 1349 4757 s
