3322 5738
239 435 303 503 320
634 427 755 474 INDEX
772 425 1085 475 PROI'OSITIONUM.

282 618 384 667 error.
400 619 488 667 xnrr.
522 618 658 666 ruaon.
674 579 845 664 xxxrrrf*

238 678 322 752 Iliotus
332 706 406 751 omnir
415 720 455 764 per
462 704 559 751 fluidum
569 713 708 765 propagatur
718 702 793 750 direr-

180 782 191 805 ·
268 767 400 830 gitareato
409 769 499 815 tramite
510 769 534 813 in
545 768 618 828 spatia
633 769 727 813 immota
729 799 790 814 ......
808 769 854 813 257

278 876 382 924 PROP.
397 875 502 923 XLIII.
533 875 669 924 TIIEOR.
685 874 813 921 XXXIV.

238 959 330 1018 Corpus
346 975 415 1006 omne
431 957 556 1005 tremulum
571 958 595 1004 in
611 957 688 1004 medio
698 956 791 1004 elaatieo

268 1022 402 1083 propagabit
416 1032 505 1068 motum
522 1021 631 1080 pulsuum
648 1021 750 1081 undique
766 1021 791 1066 in

267 1086 395 1141 directum
417 1086 442 1130 in
461 1083 538 1130 medlo
559 1084 612 1130 tero
630 1099 678 1130 non
699 1084 792 1130 elaatico

267 1158 359 1197 mettun
370 1147 504 1195 ooeuurem
515 1147 628 1195 excitabit.
634 1180 799 1195 ................
807 1150 854 1196 2⁶5

278 1238 390 1319 'erton
406 1255 503 1303 xarv.
539 1256 675 1305 rnaora
690 1258 803 1305 xxxv.

238 1341 264 1391 Si
282 1357 342 1404 aqua
360 1340 385 1387 in
404 1341 490 1389 canalia
505 1342 609 1388 cruribus
625 1343 705 1390 erectio
723 1343 748 1390 K
761 1343 790 1400 L,

270 1406 298 1452 Ill
313 1406 333 1450 N
346 1405 433 1452 vicibus
444 1405 536 1451 alternis
546 1405 653 1453 mandat
663 1418 686 1453 et
697 1406 792 1453 deseen-

268 1469 315 1525 dat,
331 1479 476 1515 eonstmatnr
491 1479 569 1515 autem
585 1469 713 1528 pendulum
725 1472 792 1531 cujus

268 1532 391 1593 longitudo
401 1533 462 1578 inter
473 1543 586 1591 punctum
603 1533 757 1593 suspensionit
767 1544 791 1580 et

268 1606 373 1642 centrum
384 1596 531 1642 oscillationis
539 1606 642 1657 aequetur
647 1596 733 1642 aemissi
740 1597 790 1643 lon·

270 1658 382 1720 glaudinis
388 1675 454 1720 aquae
463 1659 486 1704 in
498 1659 582 1705 canali:
601 1659 653 1704 dieo
662 1659 726 1719 quod
731 1674 792 1720 aqua

269 1721 377 1769 ascendet
387 1733 411 1768 et
426 1722 548 1767 descendet
560 1721 639 1766 iisdem
651 1723 793 1782 temporibus

268 1785 353 1847 quibus
361 1784 489 1845 pendulum
498 1783 614 1830 oscillatur
615 1816 790 1834 .................
807 1790 855 1834 266

285 1890 390 1938 I‘IIOP.
404 1889 486 1937 XLV.
507 1889 643 1938 THEOR.
655 1891 784 1938 XXXVI.

238 1975 361 2024 Undarum
378 1976 485 2022 velocitas
495 1987 530 2023 eat
544 1977 569 2022 in
585 1977 745 2037 subduplicati
755 1993 791 2025 ra·

268 2039 330 2085 tlone
337 2039 485 2086 latitudinum
486 2071 789 2089 .............................
806 2047 852 2090 268

931 617 1089 678 subduplieati
1097 620 1310 668 rationedennitatia
1320 621 1424 678 ίηνετεὲς
1436 622 1456 667 si
1472 585 1511 625 ω

930 683 1001 729 modo
1012 682 1077 729 fluidi
1089 684 1122 729 viu
1132 684 1225 730 elaatira
1235 685 1338 745 ejusdem
1354 687 1457 731 conden-

931 746 1013 792 sationi
1023 747 1198 806 proportionalia
1208 763 1256 794 este
1266 759 1453 809 supponatur....
1471 753 1520 796 287

980 851 1085 899 PROP.
1099 851 1201 900 XLIX.
1237 853 1365 901 PROBL.
1382 854 1431 901 XI.

901 916 1456 995 Datismeotidendiaunvielnoctinvenne

931 999 1073 1048 velocitatem
1084 1000 1198 1061 ,pulsuum
1201 1034 1453 1050 ........................
1472 1007 1521 1052 289

1010 1104 1114 1154 PROP.
1130 1104 1159 1152 L.
1195 1104 1326 1153 PROBL.
1339 1105 1404 1153 XII.

900 1190 1008 1238 Invenire
1018 1191 1130 1252 pulsuum
1146 1190 1264 1239 distantias
1265 1225 1454 1240 ..................
1472 1198 1521 1242 292

964 1297 1067 1345 PROP.
1082 1297 1127 1345 LI.
1163 1297 1299 1344 THEOR.
1316 1297 1447 1345 XXXIX.

902 1383 926 1431 Si
936 1383 1054 1459 eyIIndrua
1061 1383 1148 1431 solidus
1156 1382 1336 1445 infinitelongua
1347 1383 1370 1428 in
1382 1382 1455 1429 fluido

931 1447 1041 1493 uniformi
1052 1457 1075 1493 et
1086 1447 1177 1493 infinito
1187 1446 1248 1493 circa
1257 1462 1324 1493 arem
1342 1447 1453 1506 positione

931 1510 1011 1557 datum
1022 1504 1132 1558 uniformi
1145 1525 1198 1556 cnm
1210 1520 1275 1556 motu
1284 1510 1420 1565 revolvatur,
1430 1521 1453 1557 et

931 1576 959 1620 ab
975 1574 1045 1635 bujua
1055 1573 1156 1634 impulsu
1168 1574 1217 1619 solo
1228 1573 1415 1634 agaturtiuIdnm
1427 1575 1451 1619 In

930 1636 1016 1690 orbem,
1027 1647 1154 1697 perseveret
1164 1647 1243 1684 autem
1255 1635 1320 1682 fluidi
1331 1652 1383 1696 para
1394 1652 1453 1683 una·

930 1715 1027 1762 quaque
1045 1701 1191 1747 uniformiter
1206 1702 1230 1745 In
1247 1711 1312 1746 motu
1328 1716 1385 1757 sno;
1402 1701 1454 1747 dico

931 1763 993 1826 quod
1012 1774 1115 1823 tempora
1132 1764 1247 1823 perfodiet
1265 1765 1366 1824 partium
1387 1763 1453 1810 tluIdi

930 1836 986 1938 gunt
1000 1837 1027 1874 ut
1043 1828 1144 1888 ipsarum
1161 1827 1276 1873 distantia
1287 1828 1316 1873 ab
1326 1842 1369 1873 are
1380 1828 1453 1887 cylin-
1470 1896 1518 1940 298

946 1906 972 1937 n.
977 1923 1451 1939 .............................................

993 1997 1097 2046 Pxol’.
1113 1997 1175 2045 LII.
1209 1997 1345 2044 THEOII.
1361 1997 1419 2044 XL.

848 2089 851 2095 '
899 2081 924 2129 Si
934 2082 1023 2142 rphaera
1032 2081 1111 2135 tolida,
1124 2081 1147 2127 in
1160 2080 1231 2128 duldo
1241 2081 1351 2128 uniformi
1363 2092 1385 2128 et
1397 2082 1450 2127 infi-

328 2147 431 2195 I'ROP.
445 2146 543 2193 XLVI.
580 2145 707 2194 PROBL.
722 2148 756 2195 X.

237 2228 496 2276 Invenirerelocitatem
505 2229 619 2276 undarum
622 2262 787 2279 ................
795 2231 850 2280 ibid.

264 2336 367 2384 PROP.
383 2337 496 2384 XLVII.
528 2336 663 2384 THEOR.
679 2338 825 2386 XXXVII.

237 2420 347 2466 I'nlsibus
363 2435 403 2479 per
419 2418 518 2466 fluidum
534 2420 672 2482 propagatis,
690 2421 788 2483 singulte

266 2482 331 2528 fluidi
343 2483 465 2543 particulo.
483 2494 549 2529 motu
561 2485 676 2544 reciproco
686 2486 788 2531 brevissi·

266 2562 305 2592 mo
311 2557 392 2592 euntes
400 2556 422 2592 et
431 2546 558 2603 redeuntes,
568 2549 722 2594 accelerantur
728 2563 788 2594 aern-

265 2625 307 2670 per
329 2620 352 2655 et
373 2611 516 2656 retardantur
537 2612 649 2674 prolege
665 2612 789 2659 oscillantit

265 2672 360 2733 penduli
361 2705 787 2724 .........................................
805 2679 852 2723 270

252 2778 356 2826 I'IIOP.
372 2779 501 2825 XLVIII.
522 2780 658 2828 THEOII.
672 2781 831 2829 XXXVIII.

235 2864 353 2911 Pulsuum
372 2863 396 2908 in
413 2863 485 2910 fluido
501 2864 595 2911 elastico
611 2876 787 2926 propagatorum

267 2927 396 2972 velocitates
412 2937 466 2971 atmt
482 2929 506 2970 in
523 2928 610 2971 ratione
626 2929 789 2986 componunt

266 2988 426 3048 subduplicatit
433 2990 519 3035 ratione
527 2990 560 3034 vis
568 2990 666 3036 elasticae
673 2991 757 3039 directe
766 3004 790 3040 et

928 2146 985 2201 nito,
996 2145 1056 2192 eirca
1066 2160 1133 2191 axem
1144 2146 1256 2205 positione
1266 2144 1346 2191 datum
1362 2145 1452 2191 unifor-

928 2209 961 2254 mi
972 2223 1026 2255 cum
1037 2218 1101 2254 motu
1109 2207 1243 2264 revolvatur,
1255 2219 1279 2255 et
1288 2211 1318 2255 ab
1328 2209 1397 2270 hujus
1408 2210 1452 2253 im-

927 2270 996 2332 pulsu
1018 2271 1067 2318 tolo
1090 2283 1173 2334 agatur
1194 2271 1292 2318 fluidum
1313 2272 1338 2317 in
1359 2275 1446 2327 orbern,

927 2346 1054 2395 perseveret
1068 2347 1145 2382 autem
1162 2334 1227 2381 fluidi
1244 2351 1296 2395 para
1306 2351 1452 2398 unaquaque

927 2398 1071 2445 uniformiter
1082 2399 1105 2444 in
1117 2409 1247 2445 nonturno:
1261 2399 1312 2444 dito
1319 2400 1381 2460 qnod
1394 2410 1453 2445 tem-

928 2477 984 2522 pora
1002 2461 1116 2522 periodica
1134 2463 1233 2522 partibor
1251 2461 1316 2508 fluidi
1335 2472 1403 2508 erunt
1425 2473 1452 2509 ut

927 2525 1037 2588 quadrata
1047 2526 1206 2573 distantiarum
1214 2542 1228 2572 a
1237 2537 1314 2573 centro
1322 2528 1448 2586 sphaerae...
1469 2533 1518 2575 302

977 2657 1078 2705 PROP.
1094 2657 1171 2705 LIII.
1207 2656 1343 2706 TIIEOR.
1359 2658 1433 2706 XLI.

899 2743 1006 2802 Corpora,
1018 2758 1071 2804 quta
1081 2743 1105 2789 in
1117 2743 1202 2788 rortIce
1212 2740 1287 2788 delata
1296 2742 1319 2787 In
1326 2744 1404 2788 orbern
1414 2758 1452 2787 re-

928 2806 1007 2858 deunt,
1024 2807 1127 2867 ejusdem
1139 2815 1193 2851 sunt
1204 2805 1321 2851 densitatis
1332 2821 1386 2851 cum
1399 2820 1452 2851 ror·

927 2869 979 2923 tice,
998 2879 1022 2916 et
1037 2869 1117 2915 eadem
1134 2869 1185 2929 lege
1201 2885 1255 2914 cum
1266 2869 1337 2927 ipsius
1348 2869 1454 2928 partibus

927 2931 1003 2993 quoad
1022 2933 1163 2979 velocitatem
1180 2943 1202 2978 et
1219 2947 1299 2978 curans
1310 2933 1451 2978 determina-

928 2998 1013 3043 tionem
1024 3006 1145 3043 moventur
1145 3028 1451 3044 .............................
1470 3004 1520 3046 313

505 3411 600 3460 FINIS
618 3412 921 3465 PIIOPOSITIONUII
941 3416 1044 3464 LIBRI
1064 3417 1231 3466 SECUNDI.

770 4221 951 4268 (ILASGUAE:

641 4311 755 4346 tubanis
767 4312 797 4345 ΕΤ
806 4312 913 4345 luxurias
927 4312 954 4345 II.
965 4312 1075 4357 nuncin,

734 4373 847 4411 Academia
857 4373 988 4421 rumpat.
