3322 5738
68 400 180 464 Lrnun
194 400 358 500 Sscupn]
389 400 630 462 PRINCIPIA
654 396 1026 460 MATHEMATICA.
1288 400 1351 458 805

68 573 162 660 qusint
177 571 218 634 ad
232 569 322 655 polos
330 593 340 645 ς
362 568 490 632 debebit
503 590 598 631 causa
612 568 716 653 eliqua
729 566 838 630 adesse
853 565 913 650 qut
928 567 1088 649 particulas
1102 567 1232 653 singule
1245 567 1278 628 in
1293 567 1353 628 cir-

69 679 147 744 culis
163 677 226 740 suis
240 677 430 738 retineantur
438 696 448 748 ;
470 694 510 736 ne
524 673 663 750 materia,
686 694 758 757 quaa
772 671 813 735 ad
827 671 1000 755 eclipticam
1015 685 1071 749 est,
1094 673 1219 736 recedat
1232 694 1354 756 semper

69 813 89 853 a
103 802 210 854 centro
224 800 256 852 et
269 810 326 872 per
341 787 497 851 exteriora
523 785 650 849 vorticis
672 784 785 872 migret
798 783 839 847 ad
852 782 952 868 polos,
975 783 1109 869 indeque
1130 806 1186 868 per
1201 805 1291 847 axem
1313 781 1354 845 ad

71 895 243 978 eclipticam
259 893 460 957 circulatione
474 891 625 976 p'erpetuai
640 903 823 955 revertatur.

114 1006 153 1087 (¹)
172 1005 271 1067 Corol.
289 1011 316 1064 1.
351 1002 438 1065 Hinc
461 1013 564 1064 motus
590 999 755 1087 angulares
776 999 913 1084 partium
933 999 1022 1063 fluidi
1041 1001 1124 1064 circa
1142 1022 1235 1064 axem
1256 1000 1352 1086 globi,

73 1125 145 1177 sunt
160 1110 318 1196 reciproce
333 1124 367 1175 ut
384 1110 536 1195 quadrata
549 1108 766 1173 distantiarum
780 1131 800 1172 a
813 1122 921 1172 centro
934 1108 1030 1195 globi,
1054 1124 1085 1172 et
1101 1108 1276 1172 velocitates
1299 1107 1354 1171 ab·

72 1223 181 1287 solutae
196 1221 355 1306 reciproce
370 1234 405 1285 ut
418 1221 527 1285 eadem
542 1219 694 1305 quadrata
707 1218 862 1302 applicate
875 1218 916 1281 ad
930 1217 1090 1282 distantias
1104 1217 1145 1281 ab
1159 1239 1227 1281 axe.

116 1334 215 1396 Corol.
232 1340 262 1396 2.
286 1333 321 1397 Si
335 1332 447 1419 globus
462 1331 494 1393 in
508 1329 607 1393 fluido
622 1330 800 1415 quiescente
815 1327 942 1392 similari
964 1339 995 1391 et
1015 1326 1137 1389 infinito
1158 1327 1241 1390 circa
1261 1348 1352 1389 axem

71 1442 225 1526 positione
240 1443 347 1506 datum
368 1440 514 1505 uniformi
537 1461 610 1503 cum
632 1451 721 1503 motu
741 1437 927 1512 revolvatur,
952 1435 1230 1501 communicabitur
1251 1450 1353 1498 motus

71 1550 169 1615 fluido
191 1551 223 1613 in
243 1573 363 1614 morem
384 1550 519 1626 vorticis,
544 1561 576 1613 et
596 1560 699 1612 motus
713 1548 771 1612 iste
786 1547 936 1632 paulatim
951 1547 1174 1634 propagabitur
1196 1547 1228 1608 in
1250 1545 1353 1607 infini-

17 1702 21 1708 -
72 1672 156 1735 tum;
179 1681 281 1745 neque
304 1659 391 1743 prius
415 1658 547 1722 cessabit
569 1659 604 1720 in
628 1656 758 1743 singulis
783 1656 871 1720 fluidi
894 1658 1034 1740 partibus
1058 1656 1231 1732 accelerari,
1259 1676 1353 1740 quam

71 1779 211 1851 tempora
234 1764 393 1850 periodica
415 1765 607 1852 singularum
629 1763 765 1846 partium
789 1763 851 1828 sint
876 1776 912 1828 ut
932 1765 1082 1850 quadrata
1104 1764 1353 1828 distantiaruma

71 1888 177 1939 centro
191 1875 286 1961 globi.

116 1985 213 2046 Corol.
232 1992 261 2045 3.
293 1981 453 2057 Quoniam
484 1979 609 2045 vorticis
638 1993 743 2064 partes
772 1980 935 2045 interiores
964 1981 1004 2064 (³)
1026 1980 1067 2043 ob
1091 1981 1240 2065 majorem
1265 2000 1353 2042 suam

72 2091 265 2155 velocitatem
280 2102 415 2154 atterunt
430 2102 461 2152 et
474 2102 589 2177 urgent
610 2090 788 2166 exteriores,
811 2102 992 2175 motumque
1006 2089 1081 2173 ipsis
1096 2089 1131 2152 eal
1146 2087 1268 2151 actione
1282 2109 1354 2170 per·

71 2213 167 2282 petuo
189 2196 429 2272 communicant,
451 2208 483 2259 et
493 2195 664 2260 exteriores
677 2195 722 2258 illi
737 2190 868 2260 eandem
890 2208 992 2259 motus
1012 2195 1214 2280 quantitatem
1229 2194 1261 2256 in
1276 2193 1354 2257 alios

72 2306 175 2369 adhuc
190 2306 359 2369 exteriores
374 2304 465 2368 simul
480 2304 678 2382 transferunt,
701 2305 800 2390 eique
815 2307 936 2370 actione
959 2306 998 2391 (⁸)
1014 2316 1137 2368 servant
1151 2304 1354 2389 quantitatem

76 2411 178 2475 motirs
200 2411 247 2474 sui
269 2410 362 2494 plane
384 2411 582 2486 invariatam3
607 2424 693 2494 patet
716 2412 801 2497 quod
826 2426 930 2476 motus
954 2425 1106 2495 perpetuo
1130 2409 1313 2473 transfertur
1335 2431 1355 2472 a

72 2534 179 2584 centro
194 2521 233 2584 ad
248 2521 523 2585 circumferentiam
540 2522 674 2598 vorticis,
701 2535 733 2586 et
753 2545 811 2606 per
832 2522 1013 2586 infinitatem
1029 2520 1284 2585 circumferentiae
1299 2520 1354 2584 ab·

73 2627 225 2690 sorbetur.
260 2627 660 2711 Materiainterspbaericas
676 2628 753 2692 duas
767 2629 891 2713 quasvis
906 2627 1085 2712 superficies
1096 2628 1205 2693 vortici
1221 2649 1354 2692 concen-

73 2733 165 2797 tricas
180 2754 338 2818 nunquam
353 2734 584 2810 accelerabitur,
601 2756 640 2796 eo
655 2733 739 2819 quod
755 2748 874 2798 motum
893 2756 1019 2798 omnem
1032 2758 1051 2798 a
1065 2734 1193 2798 materiai
1208 2734 1354 2800 interiore

73 2855 234 2925 acceptum
249 2841 394 2906 transfert
409 2865 531 2926 semper
546 2844 577 2904 in
593 2845 787 2907 exteriorem.

117 2952 216 3013 Corol.
232 2960 262 3012 4.
287 2950 424 3013 Proinde
439 2950 479 3013 ad
494 2951 760 3014 conservationem
777 2954 900 3015 vorticis
923 2966 1100 3017 constanter
1113 2953 1145 3016 in
1161 2953 1271 3018 eodem
1286 2976 1354 3017 mo·

75 3061 166 3123 rendi
182 3073 272 3139 statu,
290 3061 457 3145 requiritur
471 3061 660 3144 principium
676 3061 803 3147 aliquod
818 3063 961 3139 activum,
985 3085 1081 3148 aquo
1096 3063 1208 3150 globus
1222 3064 1353 3128 eandem
1371 3146 1378 3151 .

75 3296 181 3344 culomm
192 3313 250 3360 quos
262 3297 393 3347 describunt
406 3301 458 3361 (per
468 3299 521 3347 Cor.
530 3305 554 3347 ³.
567 3299 638 3362 Prop.
650 3298 698 3348 IV.
732 3297 835 3347 incitatos
846 3298 968 3361 angulares
984 3299 1074 3346 orbium
1086 3315 1100 3346 a
1110 3308 1189 3347 mnan
1199 3299 1262 3362 globi
1273 3300 1353 3347 minua

77 3361 130 3408 Lib.
148 3362 190 3421 1.),
209 3364 253 3409 hoe
264 3375 304 3416 cst,
323 3373 351 3410 ut
366 3364 566 3423 perpendiculares
588 3365 618 3411 ad
634 3379 701 3412 axem
732 3365 868 3411 distantium
879 3365 976 3426 majores
986 3374 1041 3411 aunt
1053 3370 1105 3426 (per
1116 3363 1170 3410 Cor.
1186 3365 1220 3426 l.)
1232 3363 1302 3425 quim
1314 3379 1352 3411 re·

76 3426 99 3472 E
113 3427 163 3472 Set
174 3443 186 3471 e
197 3441 220 3487 q.
256 3427 298 3472 Vis
310 3427 380 3488 igitur
390 3429 520 3490 centrisuga
530 3443 558 3474 eo
571 3428 645 3490 major
655 3437 696 3485 ast,
729 3428 832 3475 locitarcs
842 3428 964 3489 angulares
974 3428 1064 3474 orbium
1076 3428 1215 3474 exteriorum
1224 3439 1353 3474 etacentro

74 3504 123 3550 quo
138 3490 212 3551 magis
229 3490 341 3549 particula
356 3489 443 3537 accedit
458 3491 488 3539 ad
504 3502 645 3553 arquatorum
657 3508 698 3539 aen
731 3492 825 3538 torticia
834 3493 998 3548 remotiorum
1010 3490 1248 3538 udcdminteriorsa
1257 3506 1352 3539 excessu

74 3553 203 3613 eclipticam
217 3554 276 3611 SE,
294 3564 317 3600 et
333 3554 357 3600 in
374 3564 489 3616 aquatore
504 3556 605 3603 maxima
615 3566 657 3613 est,
674 3556 699 3602 in
730 3555 856 3602 velocitatis
871 3554 997 3618 angularis,
1014 3570 1061 3616 quo
1076 3554 1170 3602 relative
1185 3555 1214 3601 ad
1230 3558 1297 3601 orbes
1312 3569 1352 3601 er-

75 3616 131 3677 polo
142 3616 213 3662 nulla.
731 3620 824 3666 teriores
839 3629 968 3674 moventia,
987 3620 1029 3666 boa
1039 3628 1141 3666 atterunt
1156 3629 1180 3666 et
1195 3628 1286 3680 urgent,
1304 3635 1351 3666 mo·

108 3701 211 3761 (¹)328.
233 3705 331 3751 ’Comi
354 3709 374 3750 1.
403 3703 485 3751 Motus
506 3704 629 3767 angulares
644 3715 700 3751 aunt
731 3686 899 3746 'mistim’
910 3683 953 3730 ἃς·

75 3765 191 3824 reciproce
210 3775 237 3811 ut
254 3768 490 3841 ternpora'periodiea
507 3769 585 3829 (327),
603 3768 700 3843 idedque
765 3789 802 3851 (ι)
823 3795 835 3820 a
854 3794 949 3838 mm
969 3792 1120 3852 mittentem
1138 3786 1212 3836 mata
1230 3790 1266 3836 aua'
1282 3788 1351 3848 plani

77 3831 114 3890 (er
133 3828 305 3890 demonstratas)
325 3831 440 3889 reciproci
451 3841 477 3877 ut
487 3833 598 3892 quadrata
614 3832 701 3878 duran·
733 3856 880 3901 immam,
917 3852 980 3907 Qui,
998 3859 1050 3915 (W
1070 3852 1148 3912 ΗΝ)
1166 3868 1194 3898 22
1209 3863 1244 3897 m
1261 3853 1352 3899 vorticis

76 3893 161 3967 tiaram
183 3909 196 3938 a
217 3903 298 3939 canuc
318 3893 404 3969 globb
429 3895 568 3969 velocitates
589 3896 700 3942 absolutio
731 3916 841 3971 conditio,
858 3915 1351 3977 „pumumefluidimpwmin

77 3956 242 4015 mmmm
253 3966 309 4003 ‘⁰¹¹⁸
320 3968 346 4004 ¹¹⁸
357 3959 491 4018 p‘f'l'h‘r'ae
498 3959 635 4005 mmmm
642 3974 700 4020 ‘¹¹¹⁸'
731 3997 775 4028 auo
785 3991 850 4026 motu
862 3978 1013 4035 uniformiter,
1030 3991 1054 4026 et
1064 3980 1088 4025 in
1099 3977 1180 4025 eidem
1192 3995 1207 4025 a
1216 3989 1295 4025 centro
1304 3979 1351 4025 dia-

680 4023 686 4033 ·
731 4046 804 4091 tantia
814 4043 896 4092 eodem
907 4057 996 4101 semper
1002 4052 1080 4090 tenore
1087 4053 1221 4100 moveatur3
1232 4052 1256 4089 at
1266 4052 1351 4098 umen,

77 4019 216 4072 describunt,
234 4036 274 4066 seu
286 4032 313 4067 ut
324 4022 426 4081 ipsarum
441 4020 556 4068 distantiae
566 4025 595 4069 ab
605 4038 648 4069 are
663 4022 698 4068 dr·

77 4081 145 4137 'mi’
158 4093 181 4128 θ’
192 4093 295 4159 i‘mWJ'
305 4085 536 4160 P‘ffflhfnwssi
548 4097 702 4195 ‘'²5¹⁰wa
733 4118 824 4168 propter
834 4108 925 4154 orbium
941 4106 1076 4153 interiorum
1087 4107 1198 4167 majorem
1209 4107 1352 4154 velocitatem

77 4146 389 4196 auntutdtstantnaabaxe
405 4148 565 4210 directeerqu
733 4171 868 4231 angulum
888 4171 1038 4232 “mumque
1056 4170 1202 4227 continuum,
1224 4172 1291 4217 ab„
1311 4186 1352 4218 εχ,

78 4211 202 4256 tantiarum
214 4226 229 4256 a
239 4221 318 4257 centro
328 4213 391 4274 globi
403 4212 498 4266 inversi.
511 4212 703 4274 acproindesunt
734 4229 828 4282 ,en-'om
838 4232 949 4294 me,
963 4247 1077 4296 urgemur
1086 4245 1109 4281 e,
1119 4233 1148 4281 ,d
1160 4245 1250 4282 mm
1266 4234 1353 4282 ml„

78 4272 193 4332 reciproee
203 4284 230 4320 ut
241 4273 322 4320 eaclern
333 4277 444 4336 quadrata
452 4276 565 4336 applicata
576 4275 605 4323 ad
616 4275 702 4349 distan-
734 4299 833 4345 „ndum
845 4299 985 4356 induam
1002 4313 1093 4345 mm
1104 4309 1138 4345 m
1148 4309 1176 4345 υ,
1186 4309 1263 4344 mom,
1274 4312 1353 4356 W

78 4339 122 4384 tias
132 4340 161 4383 ab
171 4351 221 4383 axe.
259 4337 329 4385 Unde
340 4340 470 4387 velocitates
480 4341 592 4387 absoluta
603 4351 703 4400 pameu·
734 4373 777 4409 ,uo
798 4363 947 4408 mmmm
964 4378 979 4408 ι
997 4372 1076 4409 cam-0
1094 4361 1123 4409 ,d
1145 4362 1353 4408 circumferentiam

78 4400 153 4474 lirum
165 4402 195 4474 in
214 4412 330 4462 “quum
347 4412 401 4475 ΨΜ
418 4403 578 4478 ΜΡΜΨ
599 4404 701 4478 imm
733 4425 832 4482 vorticis,
848 4436 922 4487 etper
933 4426 1070 4472 infinitatem
1081 4426 1175 4472 eatinus
1190 4423 1354 4471 circumferen-

77 4464 193 4510 d¹⁵²⁸⁰⁸¹³
203 4481 216 4510 ¹
227 4476 307 4511 “⁰¹¹⁰
317 4465 388 4527 3¹⁰b'’
400 4476 424 4511 α
433 4482 513 4512 “mm
525 4478 583 4514 '¹¹²'
591 4466 702 4514 ⁰²⁰me
734 4488 774 4534 tiae
784 4490 936 4536 alraorbeatur.
968 4490 1022 4544 Qut
1034 4491 1121 4536 ratione
1133 4489 1158 4534 tit
1169 4499 1196 4533 ut
1206 4489 1296 4531 orbium
1307 4487 1357 4531 ain.

76 4543 116 4590 gae
127 4529 242 4586 reciproce
253 4539 279 4574 ut
290 4529 343 4575 cubi
353 4528 515 4602 distantiarum
526 4547 539 4578 a
550 4543 629 4578 centro
639 4530 703 4593 globi
735 4551 853 4613 guqomm,
862 4553 901 4613 qui
910 4553 1015 4599 „mm
1024 4552 1102 4599 mom,
1109 4552 1258 4612 qumtimem
1268 4549 1291 4593 in
1299 4549 1357 4596 alios

78 4595 132 4656 (per
144 4591 198 4636 Cor.
216 4596 235 4638 l.
252 4592 321 4653 Prop.
338 4592 382 4638 lV.
399 4592 451 4639 Ltb.
467 4592 503 4652 l.)
734 4615 858 4662 „mim
868 4615 938 4663 flmul
948 4626 972 4663 a
985 4630 1076 4676 ,ηιμ
1086 4614 1233 4669 rumimunt,
1249 4611 1311 4660 idem
1327 4614 1356 4662 tit

110 4676 146 4739 (Υ)
160 4680 173 4705 ⁰
185 4679 218 4725 Ob
228 4695 339 4741 amorem
349 4694 417 4727 num
429 4681 575 4738 edeciment,
586 4680 629 4728 dcc.
654 4678 703 4727 Vs·
734 4676 847 4739 meuc
856 4687 941 4727 motus.

111 4759 172 4808 Vot.
188 4759 225 4808 11.
712 4760 736 4809 U

597 4160 645 4195 rata
655 4148 700 4194 dia·
