3322 5738
90 426 203 494 Lim
220 426 385 504 sacrun]
433 423 674 490 PRINCIPIA
698 423 1071 494 MATHEMATICA.
1310 432 1375 497 217

91 619 184 662 suum
198 606 351 680 perpetuo
364 604 475 671 servet,
498 594 534 678 (²)
548 607 582 658 et
595 593 708 680 glacies
722 593 858 680 quietem
870 616 969 658 suam.
1015 593 1054 659 In
1068 595 1267 681 sequentibus
1280 596 1377 685 igitur

92 705 132 769 sit
155 703 226 769 ST
239 702 390 765 diameter
410 701 568 765 foraminis
590 703 748 766 circularis
770 715 877 766 centro
893 703 920 766 Z
934 702 1081 786 descripti
1105 727 1162 789 per
1184 707 1271 791 quod
1292 717 1377 771 cata·

91 825 178 876 racts
192 810 289 875 effluit
303 832 343 874 ex
357 832 430 874 vase
444 810 499 873 ubi
514 833 595 896 aqua
609 824 674 875 tota
688 812 721 873 in
735 832 808 874 vase
822 810 918 873 fluida
932 823 989 874 est.
1027 810 1071 874 Et
1084 812 1125 875 sit
1140 810 1169 875 E
1185 813 1212 876 F
1226 812 1377 879 diameter

92 918 250 982 foraminis
264 939 323 1000 per
337 918 421 1002 quod
436 930 588 982 cataracta
609 918 750 981 cadendo
771 918 932 1003 adaequstd
953 919 1072 994 transit,
1100 919 1164 982 sive
1185 942 1266 1005 aqua
1287 931 1378 985 exeat

94 1049 135 1091 ex
149 1049 219 1090 vase
233 1048 291 1110 per
305 1026 444 1089 foramen
459 1027 536 1090 illud
552 1028 693 1109 superius
710 1026 734 1090 S
749 1024 790 1101 Τ,
807 1026 869 1088 sive
884 1025 976 1088 cadat
989 1047 1046 1108 per
1060 1024 1198 1088 medium
1210 1025 1321 1112 glaciei
1342 1027 1377 1091 in

93 1156 165 1197 vase
184 1146 332 1218 tauquam
354 1154 413 1217 per
433 1133 672 1195 infundibulum.
718 1132 761 1195 Et
784 1131 826 1195 sit
850 1130 1002 1195 diameter
1021 1131 1181 1195 foraminis
1208 1131 1377 1215 superioria

96 1241 119 1306 S
134 1240 167 1304 T
181 1239 220 1304 ad
235 1239 420 1304 diametrum
446 1240 599 1303 inferioris
615 1239 644 1302 E
661 1239 738 1303 Fut
753 1247 793 1304 tt
809 1238 850 1302 ad
866 1246 903 1301 tl
923 1239 1055 1315 circiter,
1081 1251 1113 1302 et
1133 1239 1281 1303 distantia
1304 1261 1378 1323 per·

93 1349 301 1434 pendicularis
314 1350 396 1413 inter
409 1349 503 1432 plana
514 1348 702 1412 foraminum
715 1348 842 1433 oequalis
858 1348 898 1410 sit
912 1346 1064 1411 diametro
1078 1346 1237 1411 foraminis
1248 1344 1377 1410 minoris

96 1456 178 1519 EF.
223 1456 266 1519 Et
288 1455 433 1519 velocitas
455 1477 546 1540 aquoe
567 1479 585 1518 e
606 1477 678 1519 vase
699 1476 756 1538 per
776 1454 918 1518 foramen
944 1455 1015 1519 ST
1038 1455 1178 1518 exeuntis
1204 1476 1241 1517 ea
1266 1454 1324 1515 erit
1344 1453 1378 1515 in

93 1563 164 1647 ipso
184 1561 334 1626 foramine
352 1561 498 1626 deorsum
522 1582 615 1644 quam
641 1582 753 1646 corpus
774 1561 916 1624 cadendo
935 1584 954 1624 a
971 1560 1101 1624 dimidio
1125 1560 1294 1624 altitudinis
1317 1559 1334 1624 I
1351 1559 1378 1625 Z

95 1670 253 1755 acquirere
275 1682 395 1755 potest:
424 1669 571 1734 velocitas
597 1682 700 1734 autem
725 1680 888 1734 mtaractoe
912 1670 1074 1755 utriusque
1096 1670 1234 1733 cadentis
1259 1691 1297 1733 ea
1318 1669 1377 1732 erit

94 1777 127 1839 in
148 1776 297 1841 foramine
321 1777 404 1854 EF,
430 1786 524 1863 quant
548 1797 663 1862 corpus
685 1776 825 1866 cadendo
846 1777 887 1840 ab
911 1775 1074 1841 altitudine
1095 1760 1165 1840 toti⁸
1186 1775 1251 1840 IG
1275 1776 1310 1858 (·)
1325 1797 1377 1838 ao-
1434 1800 1438 1811 ·

93 1883 203 1969 quiret

136 1995 206 2057 Cos.
222 1999 253 2054 2.
299 1992 334 2056 Si
358 1989 499 2055 foramen
522 1991 551 2055 E
568 1991 596 2055 F
616 2011 681 2054 non
702 1990 795 2056 sitin
816 1991 923 2056 medio
945 1991 1034 2056 fundi
1052 1992 1143 2068 vasis,
1170 1990 1226 2055 sed
1245 1989 1377 2054 standum

92 2100 166 2164 alibi
190 2100 387 2184 perforetur:
414 2123 495 2187 aqua
515 2100 621 2165 effluet
642 2100 751 2165 eidem
773 2122 844 2165 cum
867 2102 1030 2167 velocitate
1053 2127 1090 2166 ac
1110 2102 1207 2186 priris,
1234 2102 1261 2166 si
1282 2098 1377 2164 modd

93 2208 203 2272 eadem
227 2210 267 2272 sit
291 2209 452 2273 foraminis
480 2210 673 2296 magnitudo.
718 2210 801 2274 Nam
824 2232 921 2297 grave
946 2212 1055 2296 majori
1080 2210 1208 2297 quidem
1235 2222 1377 2292 tempore

94 2314 256 2378 descendit
278 2316 318 2379 ad
342 2317 473 2380 eandem
495 2316 738 2401 profunditatem
761 2318 796 2404 (²)
811 2340 869 2403 per
892 2318 1007 2384 lineam
1025 2319 1183 2406 obliquam
1205 2317 1298 2404 qudm
1319 2338 1377 2402 per

92 2421 207 2485 lineam
222 2423 519 2506 perpendicularem,
542 2424 597 2488 sed
612 2424 831 2488 descendendo
844 2427 975 2490 eandem
989 2426 1184 2491 velocitatem
1198 2425 1329 2512 acquirit
1342 2425 1376 2488 iu

93 2543 224 2614 utroque
239 2551 321 2606 casu,
339 2530 379 2613 (¹⁸)
395 2543 430 2594 ut
445 2530 595 2595 Galiloeus
610 2530 842 2597 demonstravit.

137 2638 205 2701 Cas.
230 2645 257 2700 8.
303 2636 424 2700 Eadem
448 2649 496 2701 est
521 2661 611 2724 aquae
633 2638 779 2703 velocitas
809 2638 960 2703 effluentis
983 2661 1040 2724 per
1061 2638 1202 2703 foramen
1224 2639 1258 2702 in
1279 2638 1376 2702 latere

91 2745 180 2809 vasis.
225 2745 306 2808 Nam
330 2746 356 2809 si
377 2745 518 2810 foramen
539 2767 671 2830 parvum
693 2746 741 2825 sit,
766 2749 806 2829 (¹)
821 2758 858 2810 ut
878 2746 1074 2811 intervallum
1096 2748 1177 2811 inter
1195 2745 1376 2830 superficies

125 2939 157 3002 (¹)
171 2943 184 2969 ⁰
198 2941 231 2988 Et
248 2941 332 3000 glacies
350 2943 450 3002 quietem
466 2956 541 2988 mans.
577 2939 652 2986 Sunto
666 2954 720 2987 vass

92 3001 141 3048 duo
152 3002 250 3062 aquatis
261 3004 283 3049 Δ
299 3003 320 3049 B
334 3003 358 3049 D
371 3003 507 3059 C,sbdc‚
519 3003 543 3048 in
555 3016 655 3062 quorum
671 3004 719 3063 pti·

93 3080 134 3110 mo
151 3065 236 3126 glacies
253 3067 329 3111 omnis
345 3066 370 3111 in
387 3080 471 3128 squam
489 3065 591 3112 resoluta
600 3067 637 3122 sit,
654 3076 679 3113 et
691 3067 719 3114 itt

94 3129 166 3174 altero
177 3128 261 3188 glacies
276 3130 378 3189 quietem
394 3144 461 3176 susm
475 3138 601 3185 commea
616 3141 644 3176 ut
659 3144 719 3191 aqua

94 3201 231 3238 catarsmin
242 3194 305 3240 sbm
313 3191 327 3240 f
332 3207 344 3237 a
354 3206 371 3238 n
391 3191 513 3239 formrado
523 3191 602 3239 adluat
610 3193 719 3252 persora·

94 3269 149 3302 men
159 3271 173 3300 o
184 3254 198 3299 f
204 3256 298 3302 sectiom
308 3270 372 3301 uenas
382 3265 504 3302 contram
514 3271 529 3303 s
538 3256 652 3303 foramina
664 3257 687 3304 E
698 3256 719 3305 1³

95 3318 210 3364 exilientis
225 3318 327 3380 aquale3
347 3328 371 3365 et
388 3319 440 3365 looo
457 3319 516 3366 vasis
536 3323 559 3366 Α
573 3320 595 3367 Β
608 3320 634 3367 D
647 3321 675 3376 C,
692 3320 718 3369 in

98 3381 249 3429 Problematis
256 3383 370 3429 solutions
376 3383 483 3430 substitui
489 3384 719 3442 potssitsassltasum

93 3446 192 3501 abde,
212 3447 236 3492 in
255 3461 302 3508 quo
318 3462 385 3507 aqua
400 3461 441 3506 pst
457 3447 536 3494 lumea
552 3446 717 3495 etstttuensis

93 3509 175 3556 eadem
186 3509 337 3557 estvelocitss
348 3525 576 3583 quamsquasvase
588 3513 611 3558 A
625 3512 646 3558 Β
660 3510 717 3559 Dc

93 3574 191 3620 exilians
199 3575 266 3620 habet
275 3575 299 3619 in
308 3584 409 3621 secuons
415 3588 480 3620 seua
487 3585 617 3630 contractas,
626 3574 718 3622 eadem·

93 3653 140 3698 que
151 3637 247 3696 proindd
257 3652 324 3698 squar
334 3637 450 3699 quantitas
460 3638 485 3683 in
496 3636 616 3684 defluxum
627 3638 718 3698 impen-

92 3701 162 3757 ditur,
180 3713 204 3748 ει
215 3701 334 3761 proptcresi
349 3701 411 3748 idem
421 3716 488 3762 squas
498 3701 589 3761 pondus
596 3701 671 3748 faudo
681 3701 718 3748 iu·

93 3766 182 3811 cumbit
193 3767 217 3810 in
228 3776 327 3826 utroque
344 3780 402 3811 ussa.
440 3765 558 3819 Quoniam
575 3765 637 3811 enim
655 3773 720 3813 csta·

93 3829 284 3877 sactaesbmfe
297 3842 314 3873 ιι
337 3828 632 3889 figunctlsrsecuudbm
647 3841 719 3890 quam

92 3908 152 3954 aqua
163 3892 276 3940 cataracti
287 3892 328 3938 itit
339 3901 445 3939 moretur
461 3901 521 3939 uotae
538 3901 599 3947 suut,
621 3891 719 3940 Proble-

93 3956 161 4002 matis
179 3957 264 4003 solutio
279 3967 303 4003 et
318 3956 408 4003 facilior
423 3965 447 4003 et
464 3955 539 4018 magis
556 3954 718 4003 mathematica

95 4019 141 4075 flet,
161 4021 179 4066 si
197 4020 248 4068 loco
263 4020 323 4066 vasis
334 4022 358 4067 Δ
373 4019 394 4066 Β
408 4020 433 4066 D
446 4020 465 4067 C
478 4029 556 4066 ments
566 4019 720 4067 substituatur

94 4096 133 4128 sss
143 4099 157 4129 a
167 4086 183 4130 b
193 4084 209 4131 d
219 4098 239 4130 e.

127 4145 159 4207 (¹)
172 4151 185 4177 ⁰
198 4150 317 4211 Aequine.
354 4146 415 4194 llsc
426 4160 455 4193 aa
471 4144 542 4208 suprd
557 4145 719 4194 demonstraus

93 4217 179 4268 psuna

128 4272 160 4335 (¹)
175 4281 187 4304 ⁹
200 4278 247 4324 Per
257 4278 342 4323 lineam
354 4277 478 4337 utquam.
515 4274 545 4320 lu
556 4273 600 4319 hoc
615 4270 718 4320 secundo

94 4348 149 4442 qssu
167 4353 219 4447 ρὲιῖ
233 4354 301 4401 squas
316 4353 356 4397 per
372 4338 445 4386 liuess
455 4336 485 4385 sd
498 4336 602 4384 fonmcu
612 4336 718 4400 obliquas

112 4413 177 4446 acen
196 4417 203 4446 ι
215 4436 221 4448 .

96 4522 109 4570 1
127 4463 223 4525 (⁸)0Us
233 4467 513 4515 Gatuaeaadmeassrauts
522 4463 715 4530 (81.ss85.1.ib

123 4524 165 4650 i¹l
178 4593 231 4638 275.
257 4595 270 4623 ·
294 4593 326 4640 Ut
342 4593 490 4640 interuallum
509 4597 571 4641 ister
587 4594 718 4660 sapevfleiaes

94 4652 261 4703 Arcen.
297 4654 643 4704 Illastaleinrstions

94 4714 228 4778 ‹tmpttesss
245 4716 353 4766 dinami
372 4718 396 4766 Ε
413 4717 434 4766 F
451 4717 482 4766 sd
499 4718 639 4769 &nauum
656 4671 718 4770 dud
