3322 5738
181 437 243 496 ιν,
483 425 820 493 curiosornnu
846 424 1116 491 nnsunnnrs
1180 374 1286 504 [ito-r.
1304 396 1456 488 ont...

366 760 649 828 PROPOSITIO
673 762 808 827 XXIII.
853 759 1123 828 THEOREMA
1146 757 1276 825 XVIII.

181 958 318 1046 Siflnidi
331 978 368 1018 en
377 957 543 1038 particulis
556 977 587 1019 se
600 965 700 1019 mutuo
709 955 901 1040 fiegientibns
911 956 1063 1036 compositi
1077 956 1208 1017 densitas
1222 955 1262 1016 sit
1275 960 1308 1013 nt
1321 971 1466 1032 conpres-

222 1069 278 1142 sio,
294 1067 371 1128 uires
387 1065 563 1149 centrffitgae
571 1068 793 1148 partiatlarnnt
808 1076 876 1128 stent
889 1060 1038 1146 reciproci
1053 1062 1295 1144 proponimus
1309 1060 1467 1122 distantiis

223 1182 390 1236 centronnn
414 1193 541 1235 somnne.
585 1173 630 1234 Et
644 1175 707 1235 uice
720 1171 815 1247 versi,
835 1172 998 1253 partienda
1017 1170 1130 1232 viribon
1150 1189 1216 1252 qua
1235 1176 1303 1231 snnt
1316 1163 1467 1247 reciproce*

218 1279 467 1361 proportionales
481 1280 638 1343 distantiis
651 1287 817 1341 centroenm
832 1298 949 1340 ntorum
963 1298 995 1340 se
1007 1286 1107 1338 nouo
1119 1275 1277 1358 jitgientes
1290 1281 1466 1354 componunt

220 1387 356 1474 fluidum
370 1387 532 1463 elosticron,
548 1385 630 1470 enjsts
643 1387 776 1450 densitas
789 1395 833 1448 est
846 1385 1054 1466 compressioni
1062 1382 1311 1465 proportionalis.

222 1573 348 1638 Includi
361 1573 552 1661 intelligetur
565 1573 697 1638 fluidum
711 1574 744 1637 in
759 1574 860 1659 spatio
874 1573 985 1639 cubico
997 1575 1031 1637 'A
1045 1573 1072 1637 C
1089 1573 1128 1648 E,
1150 1571 1223 1636 dein
1238 1570 1467 1654 compressione

183 1680 284 1769 redigi
298 1682 332 1745 in
346 1682 481 1766 spatium
496 1681 639 1746 cubicum
660 1683 764 1745 minus
786 1705 804 1746 a
819 1705 837 1746 c
851 1704 887 1757 e;
911 1694 943 1745 et
963 1680 1194 1766 particularum,
1220 1678 1352 1742 similem
1373 1679 1466 1741 situm

183 1790 265 1854 inter
278 1814 311 1855 se
322 1792 355 1853 in
370 1802 503 1878 utroque
518 1792 619 1877 spatio
633 1791 849 1868 obtinentium,
873 1790 911 1874 (Β)
927 1789 1080 1853 distantiae
1095 1800 1185 1851 erunt
1200 1800 1234 1850 ut
1248 1787 1400 1850 cuborum
1422 1786 1467 1848 lu·

183 1912 251 1962 tera
267 1900 298 1962 A
314 1897 353 1976 Β,
376 1922 396 1962 n
410 1899 449 1975 b;
473 1900 509 1983 (⁰)
526 1913 558 1964 et
570 1899 745 1965 mediorum
759 1900 926 1964 densitates
940 1896 1098 1983 reciproci
1113 1912 1149 1961 nt
1163 1898 1262 1982 spatia
1277 1896 1466 1960 continentia

184 2006 216 2070 A
231 2004 260 2069 Β
275 2007 345 2070 cub.
360 2018 392 2070 et
413 2006 468 2071 ob
483 2007 553 2071 cub.
597 2008 637 2071 In
659 2007 731 2071 cubi
754 2008 878 2094 majoris
900 2006 995 2070 intere
1016 2005 1110 2093 plano
1132 2007 1163 2069 A
1180 2005 1208 2070 Β
1225 2005 1252 2068 C
1268 2005 1301 2068 D
1325 2004 1465 2088 capiatur

185 2114 370 2200 quadratum
396 2117 430 2181 D
455 2116 483 2181 P
511 2115 630 2204 oequule
653 2115 699 2180 lu·

184 2221 244 2285 teri
265 2222 360 2307 plano
382 2223 454 2288 cubi
475 2225 605 2288 minoris
626 2224 701 2301 db;

185 2339 218 2393 et
232 2351 273 2393 ex
287 2329 463 2416 hypothesi,
485 2332 614 2416 pressio,
639 2332 700 2418 qui

187 2435 374 2522 quadratum
385 2439 419 2503 D
434 2438 560 2526 Purget
568 2436 698 2501 fluidum

184 2541 351 2621 inclusum,
369 2546 428 2609 erit
441 2545 482 2608 sd
495 2546 698 2629 pressionem,

188 2650 250 2737 quis
272 2651 351 2715 iilud
373 2653 557 2739 quadratum
574 2652 596 2715 d
611 2652 632 2716 b
646 2673 700 2714 ur-

187 2770 243 2845 get
256 2757 386 2821 fluidum
400 2758 564 2836 inclusum,
585 2772 620 2822 ut
634 2780 698 2822 me-

186 2863 233 2928 dii
247 2864 413 2930 densitates
428 2866 468 2929 ad
484 2867 625 2943 invicem,
638 2866 699 2930 hoc

185 2984 243 3047 est,
268 2982 303 3034 nt
317 2973 370 3035 ub
386 2973 456 3037 cub.
471 2972 511 3036 ud
527 2975 557 3036 A
575 2974 603 3037 Β
623 2973 693 3037 cub.

185 3078 250 3144 sed
265 3080 392 3163 pressio,
409 3082 470 3167 qui
486 3082 670 3168 quadratum
687 3083 720 3146 D
737 3081 765 3146 B
780 3092 870 3168 urget
883 3079 1015 3144 fluidum
1029 3080 1192 3158 inclusum,
1216 3095 1263 3146 est
1278 3082 1318 3145 ad
1332 3082 1467 3166 pressio-

183 3204 268 3262 nem,
284 3185 344 3271 qui
360 3188 544 3273 quadratum
559 3189 593 3254 D
610 3188 637 3252 P
652 3202 742 3277 urget
756 3187 838 3252 idem
853 3185 994 3264 fluidum,
1009 3200 1044 3251 ut
1055 3187 1238 3273 quadratum
1251 3187 1284 3252 D
1299 3189 1326 3252 B
1341 3187 1380 3251 nd
1391 3210 1467 3272 qun-

183 3291 309 3358 drstum
327 3296 359 3360 D
377 3295 412 3374 P,
429 3297 489 3361 hoc
504 3311 559 3375 est,
576 3312 611 3362 ut
625 3299 656 3362 A
674 3298 701 3362 Β
716 3295 810 3384 qued.
821 3296 861 3360 ud
873 3320 892 3360 u
906 3296 927 3360 b
942 3296 1035 3382 quod.
1081 3298 1177 3384 Ergo,
1201 3320 1240 3362 ex
1255 3321 1355 3383 oequo,
1378 3320 1467 3381 pres-

185 3401 234 3464 sio
248 3401 309 3486 qui
325 3402 510 3487 quadratum
526 3405 559 3468 D
576 3405 604 3468 B
619 3418 709 3490 urget
723 3402 864 3481 fluidum,
880 3417 928 3468 est
942 3402 982 3466 nd
996 3404 1187 3487 pressionem
1202 3404 1263 3490 quis
1279 3405 1466 3490 quadratum

184 3508 209 3573 d
222 3510 245 3575 b
259 3528 350 3598 urget
363 3513 503 3591 fluidum,
520 3526 555 3577 ut
569 3538 589 3579 o
602 3515 624 3578 b
639 3514 679 3578 nd
694 3514 726 3578 A
743 3513 782 3578 B.
828 3512 932 3578 Planis
949 3513 1020 3579 FG
1037 3513 1084 3589 H,
1107 3512 1155 3600 fg
1171 3513 1202 3590 h,
1225 3536 1282 3597 per
1297 3513 1399 3577 media
1413 3536 1467 3576 cu·

185 3617 298 3682 borum
313 3617 423 3697 ductis,
441 3621 647 3709 distinguntur
661 3620 792 3685 fluidum
806 3621 838 3684 in
853 3620 930 3684 duas
943 3635 1058 3705 partes,
1075 3619 1114 3705 (α)
1125 3633 1156 3684 et
1166 3621 1215 3683 hae
1227 3644 1260 3685 se
1275 3635 1384 3684 mutuo
1395 3644 1467 3704 prc-

186 3738 273 3791 ment
287 3725 396 3789 iisdem
411 3727 536 3805 viribus,
552 3728 664 3813 quibus
679 3739 864 3813 premuntur
877 3750 895 3790 n
910 3725 1009 3811 planis
1025 3729 1056 3791 A
1069 3728 1106 3805 C,
1123 3750 1142 3790 a
1156 3749 1183 3805 c,
1200 3727 1260 3791 hoc
1275 3742 1331 3806 est,
1345 3729 1377 3790 in
1391 3751 1466 3811 pro-

184 3833 329 3916 portione
352 3856 371 3896 s
393 3833 469 3898 bod
486 3836 516 3898 A
533 3834 578 3898 B:
601 3834 735 3922 ideoque
759 3857 840 3900 mres
866 3835 1057 3924 centrifisgae,
1088 3836 1200 3921 quibus
1221 3836 1272 3900 hae
1292 3838 1467 3921 pressiones

185 3943 387 4021 sustinentur,
404 3958 477 4009 sunt
491 3945 523 4008 in
538 3943 647 4009 eidem
662 3944 792 4010 ratione.
837 3944 891 4010 Ob
905 3945 1038 4010 eundem
1060 3945 1279 4030 particularum
1302 3969 1466 4010 numerum

184 4045 376 4137 similemque
391 4054 482 4118 situm
499 4055 532 4118 in
547 4068 681 4143 utroque
696 4055 787 4134 cubo,
803 4056 884 4120 vises
899 4078 975 4144 quas
990 4057 1150 4140 particuiae
1164 4080 1271 4121 omncs
1294 4056 1464 4121 secundum

183 4149 279 4233 planu
295 4156 322 4218 F
337 4158 370 4220 G
383 4159 429 4236 H,
445 4159 463 4223 f
470 4184 493 4247 g
506 4160 529 4224 h
544 4176 691 4228 exercent
704 4163 737 4226 in
752 4184 870 4241 omnes,
895 4176 969 4226 sunt
982 4176 1017 4226 nt
1030 4163 1111 4227 vires
1126 4185 1203 4249 quns
1225 4162 1354 4251 singulae
1376 4187 1467 4228 exer-

217 4338 252 4404 (⁸)
265 4344 278 4370 ·
290 4343 416 4391 ouant·
427 4355 534 4396 ema
545 4351 811 4408 mammon,
844 4352 888 4400 se.
923 4349 1057 4398 maone·
1067 4351 1129 4398 mim
1141 4353 1166 4400 tn
1177 4355 1402 4417 numennumen
1413 4369 1468 4402 nun

183 4404 232 4459 ab.
243 4418 284 4465 per
296 4404 396 4453 lemn·
405 4406 435 4454 V.
449 4407 503 4456 Lib.
517 4409 540 4456 I.
844 4414 931 4476 ubique
948 4414 1061 4475 aqualem
1086 4431 1141 4462 nem
1159 4418 1214 4466 curo
1235 4418 1334 4494 fluidum
1352 4420 1469 4465 uniforme

187 4556 194 4570 .
218 4494 253 4560 (ι)
262 4500 276 4527 ο
284 4499 318 4546 3,
328 4500 456 4547 „dmm
465 4501 595 4558 mim,
603 4511 638 4559 m,
646 4502 688 4578 gc:
698 4501 812 4551 &dm
843 4478 1230 4602 fflmnaepdmimp
1247 4494 1305 4593 ἷκε
1316 4499 1339 4528 m
1352 4499 1399 4557 uno
1417 4485 1467 4530 loco

185 4572 211 4607 ω
221 4570 320 4625 mim
331 4571 405 4623 Μ
417 4560 483 4609 “indi
493 4577 591 4611 w
603 4568 637 4631 μ’
652 4563 705 4614 ω’
720 4567 762 4629 ¹)
844 4617 904 4657 som.
915 4614 985 4666 atque
995 4605 1028 4654 ito
1037 4608 1125 4668 prasio
1135 4556 1468 4677 decapupitppmmrffipffi

218 4656 253 4721 (⁴)
266 4663 280 4690 ‘
292 4662 326 4710 tn
337 4662 373 4707 ia
383 4675 406 4709 te
415 4668 496 4710 nutus
504 4672 611 4723 prement
622 4667 700 4714 nedem
716 4666 811 4721 stabnt,
843 4676 889 4726 tur,
901 4677 928 4718 ut
938 4669 963 4716 iu
975 4669 1037 4720 Cesu
1046 4677 1068 4721 6.
1084 4672 1153 4734 l'rop.
1167 4674 1242 4721 XIX.
