3322 5738
108 415 223 482 Lmen
239 418 405 498 Securo]
436 415 679 482 PRINCIPIA
703 412 1075 482 MATHEMATICA.
1334 423 1399 482 849

107 584 200 671 squsi,
223 606 308 670 saepe
322 585 459 663 demissi,
480 585 635 650 cadebant
649 583 840 666 temporibus
855 582 1081 646 oscillationum
1106 589 1177 665 171,
1202 592 1253 662 18,
1279 587 1340 665 181
1363 596 1397 648 et

109 702 159 769 19,
178 693 387 757 describentes
403 693 599 758 altitudinem
614 692 783 779 digitorum
802 698 893 775 wll·
938 689 981 753 Et
996 690 1049 753 ubi
1063 691 1241 755 ceciderunt
1256 703 1396 776 ternpore

106 800 336 865 oscillationum
353 806 403 878 1‘9,
420 821 645 885 nonnunquam
659 799 763 863 audivi
778 797 948 880 impulsum
962 816 1071 859 eorum
1086 796 1119 859 in
1134 797 1230 861 lutera
1245 799 1325 863 vasis
1339 821 1395 863 on·

108 925 233 996 tequam
248 910 288 974 ad
303 909 436 973 fundum
450 920 668 994 pervenerunt.

152 1018 215 1082 Per
236 1017 389 1082 theoriam
405 1016 479 1081 verb
494 1018 605 1082 cadere
626 1014 802 1079 debuerunt
815 1025 955 1099 tempore
968 1013 1195 1079 oscillationum
1212 1018 1272 1100 153
1286 1035 1394 1100 quom·

107 1125 259 1208 proximi.

149 1235 265 1314 Esper.
285 1240 335 1294 11.
360 1231 458 1296 Globi
472 1242 535 1295 tres
550 1228 696 1316 oequales,
711 1227 851 1314 pondere
866 1249 1035 1314 granorum
1051 1241 1091 1296 48
1107 1231 1140 1293 in
1155 1235 1227 1295 abre
1241 1245 1272 1295 et
1288 1230 1346 1309 823
1361 1229 1395 1293 in

106 1337 187 1423 aqua
202 1359 287 1421 saepe
301 1336 436 1416 demissi,
460 1337 640 1402 ceciderunt
653 1335 845 1419 temporibus
860 1335 1086 1400 oscillationum
1102 1344 1176 1419 431,
1193 1348 1245 1414 44,
1262 1343 1335 1419 441,
1352 1344 1394 1403 46

107 1459 139 1509 et
153 1453 206 1521 46,
229 1456 261 1507 et
276 1442 411 1506 maximis
434 1465 474 1508 ex
495 1458 584 1527 parte
606 1451 647 1506 44
663 1453 696 1505 et
709 1449 761 1517 4⁵,
784 1441 993 1506 describentes
1015 1443 1210 1508 altitudinem
1224 1445 1395 1532 digitorum

111 1556 192 1632 1881
210 1549 456 1637 quamproxime.

153 1658 215 1746 Per
229 1658 380 1725 theoriam
395 1657 506 1722 cadere
520 1657 696 1721 debuerunt
709 1667 849 1739 tempore
864 1656 1094 1721 oscillationum
1110 1664 1171 1746 46ᾒ
1186 1657 1318 1738 circiter.

149 1767 265 1848 Erper.
283 1772 333 1829 18.
358 1764 456 1829 Globi
470 1776 533 1828 tres
548 1763 695 1848 equales,
711 1762 849 1847 pondere
857 1785 1028 1848 granorum
1049 1772 1108 1825 141
1127 1764 1160 1825 in
1175 1766 1246 1826 a‘e’re
1261 1775 1293 1826 et
1306 1763 1345 1840 43
1361 1763 1395 1828 in

107 1870 198 1957 oqui,
214 1870 377 1957 aliquoties
392 1869 526 1946 demissi,
550 1869 730 1933 ceciderunt
744 1867 937 1952 temporibus
958 1868 1186 1932 oscillationum
1202 1877 1255 1945 61,
1271 1876 1324 1946 68,
1340 1878 1394 1948 68,

106 1989 147 2044 64
162 1993 193 2043 et
210 1989 262 2056 65,
277 1979 489 2043 describentes
503 1976 698 2041 altitudinem
712 1974 882 2062 digitorum
900 1984 971 2041 188.

52 2112 56 2123 ·
151 2084 273 2168 Et-per
294 2084 448 2148 theoriam
469 2082 580 2147 cadere
602 2082 777 2147 debuerunt
800 2093 940 2164 tempore
965 2079 1192 2145 oscillationum
1207 2084 1269 2161 641
1289 2102 1311 2166 q
1383 2116 1396 2133 ·

106 2189 262 2274 proxime.

153 2296 215 2360 Per
228 2295 297 2359 haec
312 2295 525 2380 experimenta
542 2292 739 2358 manifestum
753 2307 800 2359 est
816 2293 911 2380 quod,
934 2292 988 2357 ubi
1001 2291 1088 2380 globi
1102 2291 1191 2356 turdi
1205 2293 1394 2372 ceciderunt,

109 2414 143 2466 ut
158 2402 191 2466 in
205 2402 426 2487 experimentis
441 2400 595 2479 secundis,
610 2402 738 2486 quartis,
753 2401 879 2487 quintis,
895 2399 1020 2476 octavis,
1037 2398 1209 2462 undecimis
1222 2421 1258 2463 ac
1273 2399 1396 2464 duode-

108 2512 206 2588 cimis,
223 2524 365 2595 tempora
376 2509 507 2575 cadendi
522 2508 605 2574 recte
620 2500 807 2574 exhibentur
820 2533 877 2595 per
891 2509 1054 2586 theoriam,
1078 2519 1109 2572 at
1124 2507 1177 2571 ubi
1197 2508 1284 2595 globi
1306 2507 1395 2573 velo·

109 2620 174 2684 cius
190 2620 379 2696 ceciderunt,
397 2632 432 2684 ut
446 2620 479 2682 iu
493 2618 714 2704 experimentis
729 2619 835 2696 sextis,
851 2618 942 2682 nonis
957 2639 994 2682 ac
1008 2616 1147 2694 decimis,
1169 2618 1207 2700 (⁸)
1223 2617 1396 2682 resistentis

107 2729 203 2812 paulo
216 2730 316 2814 major
332 2729 435 2792 extitit
449 2750 542 2815 quam
557 2729 590 2792 in
605 2727 762 2812 duplicati
776 2729 896 2792 ratione
911 2727 1091 2791 velocitatis.
1136 2726 1219 2789 Nam
1241 2727 1327 2813 globi
1347 2726 1395 2790 in·

114 2851 160 2900 ter
175 2837 350 2901 cadendum
364 2837 506 2902 oscillent
519 2837 762 2923 aliquantulum:
778 2851 810 2902 et
825 2837 893 2901 haec
906 2837 1055 2905 oscillatio
1067 2837 1100 2900 in
1109 2835 1212 2923 globis
1227 2835 1395 2901 levioribus
1421 2840 1424 2845 ’

107 2957 139 3008 et
154 2944 272 3008 tardius
294 2944 487 3020 cadentibus,
513 2944 555 3007 ob
577 2944 679 3008 motirs
701 2944 885 3032 languorem
908 2944 971 3009 cito
996 2954 1111 3019 cossat3
1140 2943 1174 3006 in
1196 2944 1395 3030 gravioribus

108 3067 212 3116 autom
227 3067 258 3116 et
272 3052 451 3136 majoribus,
467 3053 510 3115 ob
523 3051 626 3115 motirs
640 3052 853 3117 fortitudinem
868 3053 984 3117 diutius
998 3053 1100 3129 durat,
1116 3066 1148 3116 et
1162 3074 1226 3115 non
1242 3053 1303 3115 nisi
1320 3061 1394 3136 post

108 3161 214 3244 plures
229 3160 437 3224 oscillationes
452 3161 492 3224 ab
507 3160 587 3247 aquei
609 3161 764 3226 ambiente
784 3162 923 3227 cohiberi
941 3174 1055 3247 potest.
1100 3161 1281 3237 Quinetiam
1295 3161 1393 3247 globi,

109 3293 172 3355 quo
187 3269 357 3333 velociores
372 3283 456 3345 sunt,
480 3292 518 3334 eo
532 3270 635 3335 minus
649 3284 833 3356 premuntur
847 3273 977 3336 alluido
992 3271 1032 3336 ad
1047 3272 1182 3355 posticas
1194 3294 1265 3334 suas
1276 3283 1394 3355 partes3

109 3391 142 3442 et
157 3378 183 3440 si
199 3378 344 3441 velocitas
358 3391 511 3462 perpetuo
530 3395 690 3466 augeatur,
715 3382 849 3464 spatium
870 3404 1002 3447 vacuum
1017 3381 1142 3446 tandem
1157 3404 1176 3444 11
1190 3393 1279 3467 tergo
1300 3381 1395 3445 reliu-

109 3503 215 3575 quent,
232 3490 270 3573 (¹³)
286 3490 345 3553 nisi
360 3492 548 3575 compressio
562 3492 650 3556 fluidi
664 3493 756 3557 simul
771 3507 931 3581 augeatur.
962 3494 1068 3558 Debet
1082 3505 1186 3557 sutem
1202 3491 1394 3576 compressio

107 3600 196 3664 fluidi
214 3605 284 3685 (per
301 3601 393 3684 Prop.
411 3600 566 3665 XXXII.
581 3614 614 3667 ct
625 3602 825 3683 XXXIII.)
852 3603 889 3687 (⁰)
905 3605 1012 3691 augeri
1035 3604 1068 3666 in
1093 3601 1249 3686 duplicati
1276 3602 1396 3665 ratione

109 3707 289 3783 velocitatis,
316 3718 352 3769 ut
373 3706 545 3771 resistentia
560 3706 648 3772 sitin
667 3708 776 3773 eisdem
799 3708 955 3793 duplicati
978 3709 1107 3773 ratione.
1152 3708 1311 3784 Quoniam
1333 3706 1395 3769 hoc

28 3908 33 3920 ι
110 3837 173 3878 non
188 3815 234 3892 fit,
254 3815 341 3901 globi
357 3816 524 3881 velociores
538 3817 633 3902 paulb
648 3819 751 3882 minus
765 3831 950 3904 premuntur
964 3841 983 3882 a
998 3832 1097 3905 tergo,
1121 3829 1152 3881 et
1167 3816 1290 3880 defectu
1303 3836 1392 3899 pres·

144 4052 179 4115 (¹)
192 4058 204 4085 ⁹
219 4056 354 4104 Resistersts'o
370 4058 442 4118 prasio
452 4056 527 4120 medor
536 4060 607 4106 muts
623 4074 696 4121 quum
711 4060 739 4108 iss
770 4056 800 4106 sd
819 4058 916 4118 posticas
933 4057 996 4104 illius
1014 4065 1089 4118 pst-tes
1107 4057 1162 4105 sstis
1177 4054 1224 4105 eisd
1239 4070 1356 4104 resumere
1371 4062 1395 4103 et

117 4115 232 4177 duplicati
242 4122 328 4168 rosione
338 4122 467 4169 oderimus.
503 4121 527 4168 Si
538 4122 600 4168 enim
612 4121 740 4171 russeum
770 4123 848 4170 locum
860 4139 875 4168 s
884 4123 955 4196 globo
966 4123 1071 4169 relictum
1080 4121 1157 4168 ststirn
1163 4135 1277 4183 oocupsre
1287 4127 1395 4183 nequest,

116 4179 221 4228 secund
241 4194 300 4230 esset
315 4183 344 4259 ‘in
366 4182 484 4245 duplione
500 4184 627 4260 velocitatis
643 4184 738 4241 ratione,
771 4185 815 4233 nisi
827 4184 892 4232 fluidi
903 4186 1177 4261 compressioosugsstur,
1197 4195 1224 4231 ut
1239 4199 1281 4246 per
1296 4183 1396 4232 fluidum

113 4246 601 4372 :mmmm
611 4262 738 4361 butt.
768 4250 1395 4378 ⁹‘tt”·‘it,?:t’t‘¹tl‚”t.tt·.t‘ttt.....s

114 4371 188 4431 major
197 4386 267 4433 qusm
278 4373 303 4419 in
314 4373 430 4434 duplic-ss
439 4377 528 4424 rstiosm
536 4376 668 4434 velocitatis,
679 4386 738 4425 tem·
769 4379 812 4425 dcc.
848 4379 911 4426 Nsm
929 4388 1005 4439 psrtes
1021 4377 1088 4425 fluidi
1104 4394 1145 4440 per
1160 4378 1352 4439 compressionem
1369 4371 1395 4419 in

115 4449 171 4494 pors
181 4436 265 4496 quibus
275 4452 359 4498 corpus
369 4438 473 4487 osdendo
482 4441 565 4488 dsnrsn
581 4441 683 4501 spatium
699 4440 740 4489 ds·
772 4457 797 4488 se
812 4454 896 4490 mutuo
912 4454 987 4506 sgunt
998 4452 1023 4490 et
1040 4452 1146 4506 resguut,
1163 4450 1187 4489 et
1202 4442 1222 4488 si
1238 4441 1296 4487 vires
1312 4438 1397 4501 quibus

114 4497 200 4553 scribit,
212 4500 299 4561 msjors
309 4516 359 4547 esse
369 4499 453 4550 debeat
463 4502 487 4549 iu
498 4505 660 4565 experimentis
670 4518 741 4567 qusm
774 4505 838 4553 fluidi
855 4507 974 4566 psrticulae
985 4522 1010 4554 se
1020 4505 1104 4554 mutud
1119 4505 1215 4569 sgitsnt,
1226 4512 1356 4566 sugesntur
1371 4497 1396 4546 111

115 4562 139 4608 111
152 4562 247 4618 11180111,
263 4579 317 4625 qum
327 4565 441 4612 missorem
457 4567 606 4616 resistentiam
623 4569 739 4630 supponit.
774 4568 892 4629 duplicati
913 4572 1001 4618 rstioue
1022 4569 1155 4624 velocitatis,
1180 4566 1307 4615 1611111111
1322 4573 1356 4610 est
1371 4561 1396 4609 111

148 4625 209 4687 (1)·
225 4630 517 4694 Itiss'comprcssr'ojtssidi
533 4635 603 4681 simul
664 4643 739 4681 ostar.
772 4631 853 4679 cidem
875 4634 963 4682 rationo
985 4631 1109 4696 duplicatis,
1133 4647 1175 4694 per
1197 4632 1250 4678 Cos.
1276 4634 1298 4675 8.
1324 4627 1395 4689 Prop.

117 4690 594 4756 Tmmsuimassspatostglobirslooitss,
605 4707 633 4745 ut
675 4697 741 4744 'dum
775 4696 912 4745 xxxln.
