3322 5738
184 491 250 550 290
507 478 847 548 PHILOSOPHIAE
869 473 1139 543 NATURALIS
1183 472 1297 553 [Mor.
1313 468 1471 534 Coum.

1431 662 1468 864 ι

181 653 345 740 longitudo
359 653 440 717 inter
450 663 600 737 punctum
612 649 821 734 suspensionis
836 661 868 711 et
878 657 1019 710 centrum
1034 643 1199 708 oscillatio·
1271 704 1274 713 ,
1357 703 1360 713 ,

170 757 231 821 ‘nis
246 758 287 821 sit
301 760 345 821 A:
361 769 393 821 et
407 778 470 843 quo
484 769 624 839 tempore
637 753 808 839 pendulum
822 752 901 816 illud
914 751 1136 818 oscillationem
1150 749 1199 812 in-
1272 700 1319 808 iiii
1380 662 1422 864 iii

181 877 301 951 tagram
323 886 364 927 ex
385 863 430 926 itu
445 875 477 926 et
491 863 592 926 reditu
606 861 809 945 compositam
822 860 952 947 peragit,
969 859 1079 923 eodem
1090 859 1198 943 pulsus

182 970 287 1034 eundo
312 969 458 1031 conficiet
481 968 613 1051 spatium
642 965 897 1029 circumferentia
921 964 1027 1029 circuli
1054 963 1141 1028 radio
1168 963 1199 1027 A

183 1077 330 1161 descripti
344 1071 474 1162 equale.
852 1054 861 1084 ’

174 1225 177 1230 -
228 1187 310 1252 Nam
325 1186 477 1250 stantibus
498 1207 568 1269 quae
582 1185 615 1248 in
632 1183 849 1269 Propositione
864 1182 1007 1247 XLVII.
1023 1194 1198 1246 constructa

184 1304 267 1370 sunt,
294 1293 320 1355 si
341 1291 423 1356 linea
445 1291 562 1377 quaevis
583 1290 711 1376 physica
727 1290 756 1354 E
772 1290 808 1366 F,
832 1288 961 1375 siugulis
976 1288 1198 1353 vibrationibus

184 1396 388 1471 describendo
402 1397 534 1481 spatium
551 1395 579 1460 P
595 1397 628 1473 S,
652 1409 800 1483 urgeatur
813 1395 846 1459 in
861 1396 1008 1459 extremis
1022 1395 1084 1459 itus
1105 1400 1199 1460 'et're-

176 1507 267 1571 ditus
282 1507 430 1591 cujusque
444 1505 520 1568 locis
533 1505 560 1569 P
572 1518 603 1568 et
615 1505 647 1580 S,
664 1526 682 1567 a
696 1504 727 1566 vi
738 1504 816 1568 elas·

182 1614 243 1678 sicu
267 1615 305 1699 (¹¹)
322 1634 392 1698 quae
407 1613 503 1697 ipsius
514 1611 646 1695 ponderi
656 1622 813 1695 aequetur3

183 1736 313 1808 peraget
327 1722 396 1783 haec
406 1719 593 1783 vibrationes
605 1718 741 1805 singulas
753 1741 815 1803 quo

184 1842 324 1911 tempore
353 1826 462 1889 cadem
486 1825 519 1889 in
549 1825 697 1911 cycloide,
728 1827 815 1912 cujus
863 1838 865 1842 “

184 1935 352 2018 perimeter
363 1946 427 1997 tota
439 1933 624 2020 longitudini
638 1933 699 1997 PS
713 1955 817 2018 aequa·

185 2043 222 2107 lis
237 2056 292 2120 est,
309 2042 441 2106 oscillari
456 2053 576 2126 posset:
599 2041 632 2104 id
646 2039 724 2105 aded
739 2041 811 2126 quia
872 2063 902 2115 ἢ

185 2152 265 2214 vires
280 2150 413 2236 aequales
425 2149 557 2234 aequalia
566 2148 751 2231 corpuscula
761 2169 817 2231 per

185 2258 420 2343 oequaliaspatia
426 2256 517 2320 simul
523 2255 691 2340 impellent.
708 2255 816 2330 Quare

187 2362 258 2429 edm
284 2365 511 2428 oscillationum
537 2377 677 2447 tempora
703 2363 743 2446 (¹)
759 2363 821 2425 siut

185 2471 219 2535 in
245 2471 458 2555 subduplicati
485 2470 604 2536 ratione
630 2470 832 2556 longitudinis
856 2467 1075 2554 pendulorum,
1106 2467 1145 2549 (¹)
1170 2476 1202 2529 et

185 2578 349 2665 longitudo
363 2578 491 2662 penduli
505 2591 645 2662 oequetur
660 2577 790 2640 dimidio
812 2578 897 2641 arcui
919 2575 1067 2662 cycloidis
1089 2575 1200 2650 totius3

186 2682 267 2746 sciret
281 2696 403 2766 tempus
418 2682 597 2744 vibrationis
612 2682 702 2745 unius
718 2682 758 2745 ad
773 2694 895 2766 tempus
910 2681 1110 2744 oscillationis
1124 2702 1201 2764 pen·

186 2790 262 2866 duli,
280 2791 366 2872 cujus
381 2788 544 2872 longitudo
559 2803 606 2852 cst
622 2789 662 2863 A,
686 2788 718 2849 in
733 2768 948 2873 subduplicatai
969 2789 1088 2851 ratione
1103 2789 1201 2873 longi·

188 2897 337 2974 tudima}
355 2895 382 2957 P
399 2895 422 2957 S
437 2916 490 2955 seu
507 2894 534 2956 P
550 2893 581 2956 Ο
596 2893 635 2955 ud
658 2893 882 2979 longitudinem
899 2897 939 2958 A.
986 2895 1049 2958 Sed
1064 2896 1109 2957 vis
1124 2896 1201 2958 elas-

189 3003 259 3075 tica‚
280 3000 340 3083 quai
356 2998 470 3061 lineola
484 2999 613 3085 physica
629 3001 657 3063 E
673 3002 716 3077 G,
738 3002 769 3064 in
786 3002 862 3066 locis
877 3005 940 3067 suis
963 3003 1108 3066 extremis
1125 3003 1160 3077 P,
1179 3003 1202 3064 S

189 3106 333 3181 existens,
360 3119 498 3190 urgetur,
526 3118 593 3168 crat
619 3106 663 3189 (in
688 3106 951 3174 dcmonstratione
977 3105 1201 3192 Propositionis

194 3208 352 3289 XLVII.)
369 3210 407 3294 (¹)
424 3210 464 3272 ad
479 3214 544 3296 ejus
559 3210 621 3273 vim
636 3223 733 3276 totum
748 3214 902 3279 clasticam
917 3227 953 3278 ut
968 3214 1003 3278 H
1020 3215 1107 3278 L-
1122 3214 1153 3278 K
1170 3213 1202 3276 N

189 3318 230 3381 ad
246 3317 286 3394 V,
312 3316 374 3380 hoc
389 3329 435 3379 est
450 3322 533 3401 (cum
549 3332 701 3401 punctum
723 3320 752 3383 K
772 3322 838 3405 jam
858 3320 975 3384 incidat
995 3321 1026 3383 in
1052 3321 1091 3401 P)
1115 3321 1152 3404 (¹)
1168 3333 1202 3384 ut
1276 3224 1353 3436 iiiiii

192 3425 228 3489 H
245 3425 277 3488 K
291 3424 331 3487 ad
347 3424 394 3489 V:
419 3424 458 3508 (Β)
474 3438 505 3488 ct
519 3425 564 3488 vis
579 3426 631 3489 illa
646 3440 721 3504 tota,
739 3428 799 3491 hoc
814 3441 861 3493 est
874 3429 997 3513 pondus
1013 3429 1201 3505 incumbens,
1347 3403 1352 3434 ⁵

190 3553 253 3618 quo
266 3530 380 3593 lineola
396 3530 425 3594 Ε
441 3530 473 3595 G
488 3533 712 3615 comprimitur,
736 3535 836 3599 estad
852 3535 975 3620 pondus
998 3536 1118 3600 lineolae
1134 3549 1167 3600 ut
1181 3540 1345 3621 ponderis
1368 3544 1487 3610 incum-

190 3639 291 3704 bentis
305 3637 437 3702 altitudo
452 3641 483 3703 A
500 3641 536 3714 (⁰)
552 3640 592 3702 ad
607 3641 729 3705 lineolae
745 3643 970 3730 longitudinem
989 3645 1016 3707 E
1033 3645 1081 3720 (33
1098 3645 1232 3731 ideoque
1248 3671 1293 3711 cx
1312 3674 1420 3738 αηιιο,
1443 3655 1486 3714 ais

189 3806 334 3882 conspirante
347 3815 417 3853 vento
433 3806 561 3862 accelerari,
579 3823 656 3884 neque
667 3809 764 3884 adverso
780 3826 805 3858 re
848 3815 916 3861 arcui
925 3815 1029 3876 cycloidis
1041 3817 1114 3872 totius,
1126 3830 1167 3875 per
1179 3814 1237 3865 Cor.
1254 3816 1337 3883 Pmp.
1357 3824 1388 3872 l.
1401 3834 1425 3871 et
1436 3824 1487 3871 sar.

190 3870 288 3927 tardem
305 3869 345 3917 sed
360 3871 391 3917 D.
408 3871 513 3919 Derbam
529 3884 695 3932 experimentis
710 3874 817 3922 accurati
849 3882 871 3923 2.
888 3876 957 3937 Prop.
973 3878 1034 3924 LII.
1046 3877 1097 3925 Lib.
1114 3879 1134 3926 I.

191 3934 308 3990 institutis,
320 3933 406 3981 salsum
418 3934 443 3981 id
453 3951 502 3982 esse
513 3938 601 3984 asserit.
882 3939 918 4014 (²)
931 3945 944 3969 s
959 3943 997 3987 Au
1007 3943 1056 4000 ejus
1066 3943 1111 3990 at'm
1122 3952 1191 3990 totam
1198 3947 1330 3998 classicos·
1339 3951 1366 3999 iu
1376 3952 1457 4001 1000ss
1467 3951 1488 4000 G

224 3999 258 4061 (⁰)
270 4003 281 4029 ⁸
298 4001 355 4052 Qua
366 4001 436 4061 ipsius
449 4003 546 4060 pandere*
556 4011 668 4063 aquetur,
681 4010 766 4064 etque
777 4002 818 4049 de-
850 4005 889 4050 ubt
900 4003 1004 4050 medium
1015 4005 1119 4066 quiescit,
1132 4017 1166 4064 ut,
1178 4007 1222 4055 dcc.

191 4072 276 4108 crescm
292 4071 319 4108 ut
335 4061 408 4122 ipsius
424 4062 647 4111 distantinccntro
666 4066 704 4121 03
726 4075 818 4127 peraget
883 4065 916 4141 (”)
932 4071 943 4097 ⁸
961 4071 992 4116 tu
1005 4071 1035 4117 H
1044 4071 1070 4115 K
1079 4075 1110 4116 ad
1126 4073 1150 4115 V.
1187 4070 1252 4119 Cina
1264 4089 1395 4134 punctum
1414 4080 1438 4127 1(
1455 4079 1488 4126 ia.

193 4125 242 4170 brec
253 4126 391 4172 vibrationes
403 4127 508 4188 singulus
523 4143 571 4188 quo
587 4137 690 4187 tempore
701 4131 781 4176 eadem
793 4129 818 4175 in
850 4130 905 4177 cidit
917 4131 940 4176 in
955 4131 981 4187 P,
1002 4133 1115 4180 evanescit
1134 4132 1158 4180 K
1172 4133 1195 4180 N
1214 4147 1239 4184 et
1255 4137 1288 4185 fit
1310 4142 1340 4189 H
1356 4143 1379 4190 L
1390 4170 1424 4183 -
1434 4143 1487 4191 lili

193 4186 303 4247 cycloide,
323 4191 390 4249 cujus
407 4190 528 4250 perimetcr
540 4201 588 4239 tota
604 4191 744 4253 longitudini
764 4193 784 4239 l'
802 4193 819 4239 S
850 4213 884 4239 =
895 4193 921 4240 ll
931 4195 994 4241 L=
1006 4196 1030 4241 ll
1043 4196 1074 4246 K.
1087 4212 1127 4256 per
1138 4197 1191 4244 Car.
1205 4204 1225 4245 l.
1234 4200 1312 4250 Lam.
1324 4206 1364 4253 vl
1372 4208 1392 4254 Ι,
1404 4208 1456 4255 m
1468 4206 1486 4253 1.

193 4250 289 4326 pequalis
300 4262 340 4305 est,
352 4253 450 4324 oscillari
463 4265 554 4313 posset;
571 4254 752 4316 quiaparticulae
765 4255 819 4302 EF
883 4257 917 4320 (θ)
931 4264 942 4288 ·
956 4261 989 4306 Et
1002 4262 1082 4307 visilia
1099 4270 1152 4315 tata,
1169 4264 1212 4309 loc
1223 4275 1265 4317 est.
1284 4273 1386 4328 temdus
1402 4274 1488 4320 intua·

192 4328 217 4359 m
235 4314 368 4374 hujusmodi
386 4316 488 4375 cycloide
505 4318 631 4364 oscillantis
642 4318 675 4363 vis
685 4318 768 4364 matrix
786 4330 820 4365 ast
851 4323 911 4377 bens,
923 4340 974 4384 qua,
986 4323 1029 4369 &a
1066 4323 1109 4370 Vis
1118 4324 1212 4371 clustirs
1224 4336 1276 4375 tata
1289 4335 1369 4390 puri,
1387 4335 1411 4382 Ε
1425 4336 1486 4382 οη

192 4376 820 4491 titiilitt‘¹ttl“:.ttli.t⁰.{t‘¹.⁰ltzit
851 4384 1023 4493 pnes...
1042 4402 1096 4496 ³2¹⁰
1115 4387 1219 4449 ‘'⁰⁰⁶⁹“
1238 4397 1432 4456 mmm*
1453 4397 1486 4445 ””’

407 4475 412 4491 .
877 4464 890 4493 c
916 4464 955 4494 um
983 4465 1007 4495 ιιι
1047 4465 1052 4494 ι

193 4504 287 4566 punctis
306 4503 416 4564 cycloidis
435 4504 531 4564 ponderi
550 4505 623 4566 ipsios
642 4518 755 4569 equatur,
780 4524 822 4570 per
885 4511 918 4573 (ς)
929 4466 1249 4575 ‘Adlidsccaloelongitadinm
1261 4522 1287 4569 E
1299 4525 1332 4571 G.
1356 4525 1484 4573 cumcuin

195 4571 249 4616 Cor.
267 4568 336 4646 Prop.
353 4567 397 4644 LI.
413 4568 465 4615 Lib.
482 4569 503 4615 I.
514 4636 519 4646 ⁹
620 4636 625 4645 .
852 4574 957 4621 medium
968 4577 1145 4639 bomogeneum.
1163 4582 1233 4642 cujus
1243 4583 1358 4636 altitudo
1369 4601 1406 4637 est
1419 4595 1448 4638 A.
1463 4589 1483 4634 ιι

225 4632 262 4696 (¹)
276 4636 287 4662 '
302 4636 352 4681 Stat
370 4650 395 4680 m
411 4635 569 4695 sribduplscata
579 4643 665 4682 ratwne
674 4637 822 4697 longitudinis
853 4641 907 4748 iim
919 4639 998 4700 Hyp.)
1010 4642 1113 4702 ejusdcm
1127 4641 1250 4691 densitatis
1260 4662 1325 4696 cum
1344 4653 1421 4701 medii
1432 4663 1485 4714 pn

188 4699 346 4759 μηᾰιιὶινωιι
360 4699 427 4775 (⁴⁷²5
443 4698 497 4745 Lib.
512 4697 549 4759 1.)
891 4703 922 4759 G,
938 4703 1040 4763 pondera
1055 4715 1110 4754 sunt
1121 4716 1147 4754 ut
1157 4706 1295 4773 solumina,
1307 4715 1358 4764 hoc
1369 4727 1414 4776 ar,
1430 4716 1483 4765 usi·

225 4758 262 4826 (Υ)
280 4764 292 4790 ⁰
307 4764 341 4811 Et
357 4764 474 4825 longitudo
487 4765 588 4826 musali
605 4771 711 4828 equetus
727 4765 820 4814 dimidia
853 4780 904 4813 nec
917 4767 939 4814 A
951 4768 1007 4816 ctE
1021 4769 1052 4818 G.
