3322 5738
94 407 206 473 Lrsan
223 407 387 489 Securo]
418 408 656 475 PRINCIPIA
680 408 1049 476 MATHEMATICA.
1305 419 1368 479 228

92 580 201 644 lumna
217 579 244 643 P
261 579 297 642 H
313 579 346 655 Q
360 601 500 644 convexa
520 581 579 645 erit
600 604 706 645 versus
721 594 914 659 cataractam,
940 595 971 646 et
991 594 1157 666 propterea
1170 584 1269 667 major
1289 602 1370 648 cono

92 688 181 771 cujus
207 686 290 748 basis
314 699 360 748 est
381 687 522 750 circellus
544 687 595 750 ille
621 687 694 762 PQ
716 700 748 751 et
768 687 898 750 altitudo
914 689 946 752 G
963 688 1009 764 H,
1032 687 1065 749 id
1080 700 1136 764 est,
1160 691 1257 772 major
1279 687 1371 751 tertid

93 810 182 880 parte
197 796 329 881 cylindri
344 797 453 860 cladem
467 798 541 860 base
556 810 587 859 et
603 796 763 860 altitudine
778 797 933 880 descripti.
980 797 1117 860 Sustinet
1138 810 1240 859 autem
1263 795 1371 859 circel·

93 903 143 966 lus
157 903 209 966 ille
223 902 346 985 pondus
369 903 460 986 hujus
478 903 644 978 columnae,
669 903 701 964 id
723 916 780 978 est,
806 902 929 985 pondus
955 902 1038 986 quod
1061 901 1199 985 pondere
1223 903 1293 963 coni
1314 922 1370 965 seu

94 1011 193 1075 tertiae
206 1008 303 1092 partis
319 1009 450 1094 cylindri
464 1009 545 1071 illius
560 1010 657 1091 majus
672 1020 728 1071 est.

138 1119 235 1182 Corol.
252 1126 282 1180 8.
329 1116 458 1179 Pondus
483 1137 571 1201 aquae
596 1136 689 1200 quam
712 1114 855 1178 circellus
880 1114 970 1179 valde
991 1137 1105 1198 parvus
1129 1117 1156 1181 P
1172 1116 1205 1193 Q
1228 1115 1369 1192 sustinet,

93 1228 195 1291 minus
210 1251 277 1292 esse
292 1228 414 1291 videtur
428 1227 567 1311 pondere
582 1226 713 1289 duarum
728 1227 888 1289 tertiarum
903 1226 1038 1309 partium
1054 1226 1185 1311 cylindri
1207 1247 1297 1310 aquae
1316 1245 1370 1288 cu-

88 1335 141 1418 jus
156 1334 238 1397 basis
253 1346 300 1396 est
314 1333 454 1396 circellus
469 1332 521 1395 ille
536 1345 568 1395 et
582 1331 712 1394 altitudo
727 1344 773 1395 est
790 1331 826 1395 H
842 1332 884 1396 G.
917 1332 998 1394 Nam
1012 1331 1164 1395 stantibus
1172 1333 1240 1415 jam
1251 1330 1369 1415 positis,

93 1443 228 1506 describi
243 1442 432 1529 intelligatur
447 1442 609 1504 dimidium
625 1440 808 1526 sphaeroidis
821 1442 909 1524 cujus
931 1441 1013 1504 basis
1035 1455 1082 1505 est
1103 1441 1244 1505 circellus
1267 1440 1318 1504 ille
1340 1451 1373 1503 et

95 1553 252 1616 semi-axis
267 1553 330 1615 sive
345 1551 476 1615 altitudo
491 1564 537 1615 est
553 1551 590 1613 H
607 1551 648 1614 G.
693 1551 732 1632 (ἢ)
756 1549 799 1612 Et
819 1548 888 1611 haec
910 1548 1011 1635 figura
1024 1550 1151 1635 tequalis
1169 1551 1228 1614 erit
1249 1548 1372 1612 duabus

95 1659 192 1724 tertiis
205 1659 344 1744 partibus
359 1660 491 1744 cylindri
505 1659 586 1722 illius
601 1672 633 1722 et
646 1657 889 1742 comprehendet
903 1659 1076 1721 columnam
1096 1681 1185 1744 aquae
1200 1657 1373 1745 congelatae

96 1768 123 1831 P
140 1768 224 1842 HQ
246 1768 335 1850 cujus
359 1766 483 1849 pondus
506 1764 647 1829 circellus
671 1764 722 1827 ille
747 1765 886 1828 sustinet.
931 1764 1013 1827 Nam
1037 1777 1072 1828 ut
1095 1778 1198 1828 motus
1221 1784 1310 1849 aquae
1331 1762 1374 1858 sit

93 1873 227 1937 maxime
249 1873 395 1949 directus,
418 1872 571 1934 columnae
586 1870 667 1933 illius
682 1869 860 1953 superficies
874 1881 1004 1933 externa
1023 1884 1190 1935 concurret
1212 1892 1282 1933 cum
1304 1869 1374 1933 basi

96 1981 123 2044 P
138 1979 171 2054 Q
187 1984 222 2062 (Γ)
239 1978 271 2038 in
287 1975 402 2061 angulo
416 1975 557 2038 nonnihil
572 1987 673 2051 acuto,
689 1987 854 2058 propterea
868 1973 953 2058 quod
968 1997 1049 2059 aqua
1063 1976 1204 2040 cadendo
1218 1972 1373 2058 perpetud

93 2088 280 2152 acceleratur
295 2098 327 2148 et
340 2098 468 2168 propter
481 2084 733 2148 accelerationem
747 2084 785 2146 fit
798 2082 920 2145 tenuior
928 2106 937 2157 ;
964 2096 995 2146 et
1017 2082 1089 2145 cluo
1103 2084 1236 2170 angulus
1259 2083 1311 2147 ille
1334 2082 1374 2146 sit

94 2208 180 2260 recto
194 2194 305 2268 minor,
329 2192 396 2254 haec
417 2191 561 2254 columna
574 2190 615 2254 ad
629 2189 788 2254 inferiores
802 2189 867 2273 ejus
881 2200 984 2271 partes
1007 2190 1041 2275 (⁸)
1052 2190 1167 2273 jacebit
1182 2190 1262 2252 intra
1277 2188 1373 2252 dimi-

96 2302 184 2364 dium
210 2300 402 2384 sphaeroidis.
448 2304 483 2385 (ἲ)
500 2303 620 2367 Eadem
646 2302 721 2367 verd
743 2323 864 2366 sursum
887 2315 977 2365 acuta
991 2303 1048 2366 erit
1063 2325 1117 2366 seu
1139 2302 1309 2385 cuspidem,
1332 2323 1375 2367 nc

97 2410 295 2474 horizontalis
310 2425 411 2476 motus
426 2432 516 2499 aquae
530 2413 570 2477 ad
584 2415 732 2478 verticem
746 2410 929 2497 sphaeroidis
944 2411 985 2474 sit
997 2409 1116 2474 infiniti
1130 2411 1266 2475 velocior
1281 2408 1374 2496 qudm

99 2604 122 2652 P
135 2603 568 2670 Qruatiuetpouduscolumuuqun
581 2607 640 2655 PH
654 2605 723 2662 Q.id
754 2605 846 2668 taaguli
865 2606 929 2654 HG
948 2605 1006 2654 Px
1072 2605 1078 2618 '
1105 2621 1144 2664 m;
1163 2605 1230 2654 uudd
1246 2609 1299 2670 (per
1314 2607 1372 2656 C«.

98 2677 141 2723 eat,
153 2667 244 2727 pondus
254 2669 316 2730 quod
328 2671 404 2733 majus
415 2681 449 2720 est
459 2670 560 2731 pondua
571 2671 644 2718 tertia
652 2671 722 2730 partin
755 2670 822 2718 laem.
838 2670 884 2717 lv.
903 2670 956 2718 Lus
971 2669 1006 2731 I.)
1047 2670 1217 2731 emispboerium
1236 2687 1265 2718 ex
1284 2670 1374 2718 revolu-

99 2731 197 2792 cylindri
208 2748 274 2793 aquae
289 2734 357 2795 cujus
371 2736 432 2783 buis
446 2744 481 2782 ert
496 2735 602 2783 circellum
622 2735 682 2790 PQ
697 2743 722 2781 et
754 2734 817 2781 tione
827 2733 1051 2795 quadnnn’scimll
1064 2735 1089 2781 H
1104 2735 1128 2782 ll
1141 2736 1157 2781 S
1170 2734 1193 2781 G
1210 2734 1323 2796 genitum,
1337 2743 1376 2782 en

99 2795 198 2842 altitudo
211 2797 233 2842 G
247 2797 281 2844 H.
749 2797 779 2845 ad
790 2798 1003 2858 hnispheroidem
1018 2813 1046 2844 ex
1063 2798 1175 2845 rotatione
1190 2798 1323 2860 quadrantis
1338 2797 1374 2845 el·

134 2859 169 2923 (⁸)
182 2863 195 2890 ⁸
208 2862 242 2907 Et
255 2864 300 2910 taee
358 2879 386 2910 ra
396 2867 489 2926 equalis
499 2866 548 2918 erit.
560 2864 602 2910 de.
634 2863 720 2911 Ceutro
750 2861 835 2922 lipaaos
847 2863 873 2908 H
886 2861 910 2908 N
921 2861 942 2908 Ρ
955 2863 977 2908 G
989 2861 1013 2908 iu
1025 2859 1105 2908 eidem
1117 2861 1213 2908 ratione·
1233 2862 1376 2924 Cumigitor

102 2923 134 2979 G,
154 2933 178 2969 et
198 2925 302 2971 aemi-⁸1⁴
365 2926 493 2989 conjugatis
516 2928 539 2975 G
558 2927 585 2974 H
603 2937 626 2974 et
647 2927 670 2974 G
690 2926 717 2982 Ρ,
751 2926 937 2986 hemisphnrium
948 2926 1159 2987 ritadcylindrum
1174 2925 1375 2985 circumscriptum

101 2985 241 3033 deccribatur
251 2989 356 3048 ellipaeor
366 2991 480 3050 quadrans
492 2990 518 3036 H
532 2990 556 3037 N
569 2989 596 3043 Ρ,
609 2999 632 3036 ct
642 2998 721 3037 mm
752 2998 779 3036 ut
790 2990 845 3036 aad
855 2995 872 3036 3
883 2980 950 3063 (l'lo.
965 2990 1019 3037 Lib.
1035 2989 1086 3050 ll.)
1098 2990 1142 3036 erit
1151 2991 1221 3037 etiam
1238 2990 1375 3050 hemispht-

100 3049 181 3096 eodem
195 3050 217 3095 G
227 3065 253 3096 ac
264 3052 327 3098 radio
341 3053 363 3098 G
375 3053 400 3098 H
412 3053 491 3099 circuli
502 3052 617 3113 quadrans
625 3052 651 3099 H
664 3053 719 3109 its,
753 3052 799 3100 rois
809 3053 839 3099 ad
849 3052 980 3114 cylindrum
996 3053 1195 3113 circumscriptum
1211 3053 1251 3114 qui
1263 3068 1304 3112 per
1314 3062 1374 3100 rota·

785 3259 1168 3322 (¹)'1nowulonomililomrto
1194 3258 1255 3304 Nam
1264 3255 1375 3318 quemad-

754 3322 850 3370 modum
862 3322 963 3385 augulur
971 3337 1041 3383 quem
1052 3332 1172 3369 umecta
1185 3322 1239 3369 AB
1251 3322 1275 3368 N
1286 3321 1336 3367 FB
1347 3321 1376 3367 Μ

756 3386 887 3447 mperticier
904 3397 999 3433 extem
1019 3388 1041 3433 A
1055 3386 1084 3433 M
1097 3385 1128 3442 E,
1148 3387 1205 3433 ΒΝ
1220 3385 1240 3431 Ρ
1256 3399 1311 3431 cum
1326 3382 1376 3431 bui

758 3451 821 3504 (ΖΕ,
845 3450 868 3496 D
883 3450 902 3496 F
917 3450 1043 3505 constituit,
1061 3458 1097 3496 est
1111 3464 1201 3509 tempu
1216 3459 1305 3505 acutus,
1321 3448 1377 3510 quia

756 3530 817 3577 aqua
832 3513 936 3561 cadeudo
952 3528 1042 3573 semper
1059 3513 1198 3560 remittatur
1215 3512 1302 3573 (272).
1338 3511 1377 3558 Sia

756 3579 833 3632 etiarn,
851 3579 880 3623 ob
896 3578 992 3624 eandem
1007 3577 1126 3633 monem,
1145 3578 1261 3625 column:
1281 3575 1339 3622 PH
1353 3574 1380 3628 Q

756 3641 888 3701 mperficier
906 3653 1000 3688 externa
1016 3652 1136 3689 concurret
1151 3657 1206 3689 curu
1216 3641 1264 3688 basi
1279 3640 1299 3685 P
1312 3639 1338 3693 Q
1352 3637 1378 3683 ln

757 3704 958 3766 ruguloacutoH
973 3705 1039 3762 PQ,
1053 3707 1080 3753 H
1094 3705 1158 3760 QP.
1196 3699 1378 3760 Quiarerdcir·

757 3767 812 3815 culo
825 3769 1038 3825 PQaraueaceute,
1050 3786 1089 3817 reu
1099 3768 1246 3815 coincideute
1259 3766 1284 3813 H
1297 3765 1379 3810 l’com

756 3847 800 3878 ue
814 3833 839 3878 H
854 3833 884 3888 G,
896 3833 998 3894 angulus
1008 3834 1048 3880 ille
1061 3834 1086 3879 H
1102 3832 1158 3879 PG
1169 3827 1346 3884 rectuaevadi15
1358 3827 1380 3874 ri

757 3894 1087 3956 dmulurectralddparvus3
1104 3895 1205 3957 augurius
1223 3894 1249 3939 H
1263 3892 1283 3939 P
1296 3891 1319 3938 G
1336 3890 1380 3938 erit

757 3958 806 4007 iero
816 3969 893 4006 rectus
903 3974 943 4004 seu
955 3959 1060 4005 nonnihil
1071 3970 1161 4005 centua

790 4045 823 4110 (⁸)
834 4047 919 4094 locabit
935 4045 998 4094 intrd
1013 4049 1133 4093 dmidium
1144 4045 1280 4106 minutiis.
1316 4041 1381 4097 Quia

760 4112 799 4170 (ex
810 4107 894 4155 notari
904 4108 1019 4168 ellipseor)
1032 4109 1055 4155 in
1066 4108 1112 4170 qui
1120 4117 1240 4170 tangentes
1250 4122 1291 4168 per
1300 4107 1380 4154 nium
1451 4162 1455 4169 ¹

237 4257 243 4269 ι
596 4257 602 4268 ¹
760 4172 855 4247 rennes
872 4172 949 4219 ductae
965 4172 1063 4282 aggulor
1079 4182 1152 4248 rector
1163 4186 1217 4218 cum
1229 4172 1310 4282 exibitis
1320 4184 1379 4283 ιοὶιιιι·

104 4258 308 4368 unum
322 4255 729 4384 circuituum
760 4235 1312 4363 ‘'h'fflffmw
1348 4233 1380 4290 ²

106 4382 187 4445 figura
198 4383 244 4431 illa
255 4383 316 4430 circi
326 4399 392 4431 nent
406 4385 432 4432 H
446 4386 469 4433 G
485 4385 639 4441 revolvantur,
656 4385 729 4432 circu·
792 4385 826 4448 (¹)
840 4390 851 4415 ⁸
865 4387 955 4433 Eodem
971 4385 1022 4434 ceri
1040 4403 1133 4434 tarsun
1149 4395 1218 4434 acuto
1234 4387 1284 4433 erit.
1319 4379 1383 4430 cun

106 4445 143 4493 lor
153 4462 222 4509 quem
234 4447 314 4494 radius
326 4448 353 4493 Μ
368 4449 391 4494 R
402 4448 427 4494 iu
438 4448 481 4495 bic
492 4449 635 4496 revolutione
645 4448 729 4496 docri-
762 4450 823 4497 enim
843 4460 918 4509 partes
934 4465 1000 4511 aqua
1011 4449 1098 4510 duplici
1109 4461 1174 4496 motu
1185 4451 1288 4496 dantur
1303 4445 1327 4489 in
1346 4442 1382 4500 fl·

106 4511 153 4564 bet,
170 4512 212 4557 erit
223 4509 253 4557 ad
265 4510 379 4557 circulum
395 4511 460 4558 radio
472 4513 500 4559 Μ
515 4514 537 4559 N
550 4513 691 4573 descriptum
707 4513 731 4560 io
764 4513 810 4560 alio
820 4512 921 4560 verticuli
932 4515 973 4575 qui
989 4514 1055 4574 lapan
1066 4511 1263 4571 multitudinem
1276 4509 1288 4555 1
1302 4506 1328 4553 H
1345 4519 1384 4553 ao·

106 4571 162 4647 dati
181 4573 362 4649 radoneSG'
381 4573 411 4619 ad
430 4573 518 4632 1³0²,
537 4577 680 4623 uuiudatd
696 4591 733 4624 η-
765 4568 1384 4639 ᾳυίήιυι,ι1ἰοὴοήιοιιιι11ςιιοριηειηυιιάω-
1423 4623 1426 4629 Ι

106 4637 360 4711 mammingon
375 4637 537 4712 morguam
554 4640 581 4687 n
596 4641 619 4688 a
632 4641 680 4688 az
696 4654 733 4688 ra
766 4636 1198 4688 mmmmm-muna
1212 4633 1331 4710 ιςαᾱιιυι
1348 4631 1385 4680 ua

107 4700 180 4749 tando
196 4699 488 4763 dambrtrdcyhndrum
506 4702 669 4771 nawen·
685 4716 734 4753 rec·
766 4700 956 4764 muriatica.
970 4694 1385 4763 incantamentum&
