3322 5738
196 429 257 489 812
503 417 842 489 PHILOSOPHIAE
865 416 1136 483 NATURALIS
1202 415 1312 495 [Mor.
1323 417 1478 483 Coacon.

192 590 323 655 materia
336 590 460 655 vorticis
476 611 515 653 eo
528 587 654 651 fluidior
668 586 708 650 sit
722 607 785 671 qno
799 584 922 670 longius
936 583 1030 648 distat
1051 606 1070 647 a
1084 595 1201 661 centro,
1225 583 1275 648 vel
1289 585 1477 665 resistentia,

192 720 264 784 quae
277 698 376 761 oritur
390 719 431 761 ex
445 694 567 759 defectu
580 691 764 755 lubricitatis
778 690 914 773 partium
930 689 1028 766 fluidi,
1056 711 1097 754 ex
1118 688 1207 753 aucti
1230 690 1394 757 velocitate
1415 695 1478 780 qui

191 819 296 890 partes
311 805 397 869 fluidi
413 814 594 888 separantur
608 800 648 863 ab
664 799 805 874 invicem,
826 811 976 885 augeatur
997 799 1030 861 in
1051 799 1168 883 majore
1190 800 1310 864 ratione
1324 799 1420 886 quim
1441 826 1478 867 ea

191 912 285 976 estin
300 910 361 996 quit
376 909 520 972 velocitas
536 918 677 993 nugetur.
722 903 868 980 Quorum
889 916 994 968 tamen
1015 917 1161 968 neutrum
1183 905 1295 968 rationi
1311 921 1477 972 consentu·

191 1039 286 1081 neum
300 1016 429 1080 videtur.
475 1013 583 1077 Partes
598 1011 764 1076 crassiores
778 1024 812 1076 et
824 1011 927 1074 minus
940 1010 1058 1089 fluidoe,
1079 1011 1139 1074 nisi
1153 1034 1263 1098 graves
1279 1014 1341 1078 sint
1356 1015 1389 1078 in
1404 1039 1477 1080 cen·

191 1134 283 1198 trum,
301 1120 333 1204 (¹)
349 1117 626 1183 circumferentiam
640 1130 764 1202 petent;
789 1129 821 1181 et
841 1117 1006 1180 verisimile
1021 1129 1068 1181 est
1083 1118 1178 1203 quod,
1202 1120 1323 1185 etiamsi
1344 1121 1477 1188 demon·

190 1220 372 1294 strationum
386 1226 485 1314 gratiis
501 1225 688 1312 hypothesin
703 1224 797 1289 talem
810 1225 899 1288 initio
915 1225 1067 1290 Sectionis
1082 1225 1175 1312 hujus
1189 1232 1417 1312 proposuerim,
1441 1247 1474 1298 ut

190 1340 362 1405 resistentia
376 1340 530 1403 velocitati
551 1335 792 1422 proportionalis
813 1346 903 1411 esset,
932 1332 969 1416 (¹)
986 1347 1091 1398 tamen
1112 1335 1285 1400 resistentia
1306 1339 1339 1402 in
1362 1342 1474 1406 minori

189 1446 229 1510 sit
243 1447 363 1509 ratione
377 1443 470 1530 quim
485 1467 522 1508 ca
536 1443 706 1507 velocitatis
721 1454 778 1505 est.
822 1439 855 1525 (¹)
873 1439 948 1516 Quo
969 1461 1126 1517 concesso,
1149 1453 1294 1526 tempora
1314 1447 1473 1528 periodica

188 1554 324 1637 partium
339 1553 464 1616 vorticis
476 1563 568 1615 erunt
582 1551 614 1612 in
627 1549 738 1632 majori
759 1545 853 1632 quim
875 1545 1030 1630 duplicati
1053 1547 1171 1611 ratione
1194 1548 1411 1617 distantiarum
1433 1558 1474 1621 ab

188 1664 284 1748 ipsius
306 1676 423 1726 centro.
467 1658 564 1736 Quod
586 1658 612 1720 si
632 1657 765 1720 vortices
789 1655 848 1738 (uti
868 1653 1044 1740 aliquorum
1059 1670 1106 1721 est
1120 1659 1239 1742 opinio)
1256 1661 1387 1727 celerius
1402 1686 1473 1728 mo-

188 1785 319 1836 veantur
332 1792 431 1855 prope
446 1781 596 1842 centrum,
612 1765 686 1829 dein
700 1764 818 1828 tardius
833 1786 930 1849 usque
945 1763 985 1828 ad
1000 1777 1119 1828 certum
1131 1764 1268 1845 limitem,
1285 1782 1353 1833 tum
1368 1772 1474 1837 denuo

189 1880 318 1943 celerius
340 1880 431 1963 juxta
456 1874 752 1949 circumferentiam
776 1886 859 1937 certe
874 1895 932 1936 nec
947 1874 1026 1938 ratio
1048 1876 1264 1960 sesquiplicata
1288 1901 1391 1967 noque
1413 1883 1473 1946 alia

188 1987 304 2072 qumvis
318 1999 402 2050 certa
416 2008 452 2048 nc
467 1985 670 2049 determinata
681 1982 820 2047 obtinere
834 1994 944 2065 potest.
991 1984 1037 2066 (¹¹¹)
1055 1985 1199 2050 Viderint
1210 1987 1314 2074 itaque
1329 1991 1472 2074 philoso-

187 2093 243 2178 phi
258 2115 320 2179 quo
334 2107 428 2176 pacto
449 2092 679 2178 phoenomenon
700 2088 778 2153 illud
798 2089 927 2153 rationis
949 2091 1173 2176 sesquiplicatae
1188 2115 1245 2177 per
1260 2098 1394 2162 vortices
1417 2124 1473 2164 ex-

187 2201 294 2285 plicari
308 2201 414 2285 possit

219 2375 251 2439 (¹)
263 2379 277 2408 ·
291 2376 504 2442 discumferentiom
512 2384 597 2440 petmt.
627 2375 659 2424 Id
669 2371 808 2435 experiendi
840 2370 931 2420 Verim
942 2386 983 2433 par
993 2369 1089 2420 alteram
1104 2372 1244 2437 analogiam,
1262 2391 1369 2425 arcarum
1382 2380 1473 2430 scilicet

186 2450 290 2498 ωιιιιιις
310 2455 363 2487 nam
375 2442 394 2486 si
405 2456 464 2502 aqua
476 2441 500 2486 in
516 2457 569 2487 vaae
584 2450 693 2488 contenta
703 2441 728 2484 in
739 2438 808 2485 vorti-
839 2447 863 2482 et
874 2447 1013 2496 temporum,
1031 2437 1161 2485 velocitates
1173 2441 1276 2498 partium
1288 2444 1383 2490 vorticis
1393 2447 1472 2493 circu.

186 2517 236 2550 cem
245 2516 334 2566 agatur,
346 2504 417 2564 palem
425 2515 448 2551 et
456 2503 501 2551 alia
509 2503 644 2565 corpuscula
651 2501 729 2549 minus
737 2500 809 2548 liuida
839 2500 894 2546 latis
904 2511 959 2546 sunt
969 2499 992 2545 in
1005 2501 1091 2546 ratione
1101 2501 1201 2562 simplici
1214 2501 1376 2553 distantiarum
1388 2526 1403 2554 a
1417 2511 1472 2557 Sole

186 2576 269 2628 ptum
280 2567 496 2615 circumferentiam.
840 2562 965 2623 reciproci!-
1002 2564 1064 2610 Nini
1080 2564 1099 2609 Sl
1115 2564 1209 2625 planci!
1222 2566 1249 2623 P,
1267 2570 1367 2616 orbitam
1383 2573 1472 2632 ellipti-

219 2629 256 2704 (¹)
269 2636 282 2659 ⁶
300 2634 387 2679 Tamen
398 2635 525 2680 resistentia
536 2634 561 2680 in
573 2634 657 2680 mimi
671 2633 699 2679 sie
711 2631 805 2678 mim.
839 2641 890 2673 cam
904 2627 947 2692 l’q
961 2626 1137 2687 deescribat
1147 2640 1172 2675 et
1181 2628 1251 2677 radiis
1261 2631 1291 2678 ad
1303 2636 1444 2682 umbilicum
1456 2639 1473 2685 8

187 2692 253 2756 (vra
266 2693 372 2741 ultimam
384 2705 432 2742 not
443 2695 468 2742 in
479 2697 522 2742 hoc
532 2695 618 2755 schol.)
839 2689 917 2737 ducib
926 2706 990 2737 “⁰⁸¹
1001 2690 1101 2753 *(1118ῑό
1114 2691 1130 2739 S
1143 2693 1163 2739 Ρ
1172 2708 1196 2754 Pi
1210 2696 1227 2741 3
1240 2695 1297 2759 th
1320 2701 1473 2760 tempuscula

218 2757 248 2820 (¹)
261 2763 273 2786 ⁸
290 2761 338 2811 Quo
350 2775 459 2807 concaua.
478 2760 539 2823 (Per
550 2769 596 2806 not.
606 2758 676 2817 ³³³.)

218 2820 259 2884 (m)
273 2825 285 2849 ’
304 2824 403 2870 Viderint
415 2826 491 2886 itaque
504 2825 634 2884 philosophi.
670 2819 804 2893 Difficpltas
1112 2793 1127 2839 q
1219 2838 1247 2888 ρ,

184 2887 272 2938 crescit,
289 2899 309 2930 st
319 2885 362 2931 tria
373 2886 443 2931 simul
459 2887 636 2947 conjungantur,
653 2897 706 2943 quoe
717 2897 805 2940 primus

184 2946 290 2992 omnium
313 2947 429 3005 Keplerus
446 2947 505 2993 miri
523 2945 646 3007 sagacitate
657 2960 685 2991 es
699 2947 804 2993 observa·

186 3009 288 3055 tionibus
308 3008 465 3055 astronomicis
485 3009 589 3056 deduxit.
633 3009 741 3056 Primum
761 3019 803 3066 est,

183 3072 288 3132 planetas
304 3071 328 3117 in
347 3071 472 3131 ellipsibus,
494 3088 593 3137 quarum
608 3072 745 3120 umbilicum
763 3073 804 3121 ‘e’ol

183 3144 288 3195 occupat,
300 3135 452 3184 revolutiones
463 3153 515 3184 suas
526 3152 641 3199 peragere.
669 3136 804 3184 Secundum

183 3208 219 3247 ut
229 3199 331 3259 planetas
349 3200 454 3262 singulos
470 3201 540 3248 radiis
550 3201 579 3248 ad
593 3201 671 3248 Solem
681 3201 763 3254 ductis,
780 3212 804 3249 et

182 3263 291 3310 satellites
301 3263 370 3310 radiis
380 3263 409 3310 ad
421 3280 490 3311 suum
501 3264 635 3326 primarium
646 3263 729 3320 ductis,
740 3280 804 3312 areas

184 3326 311 3373 describere
321 3328 462 3386 temporibus
472 3328 660 3389 proportionales.
696 3328 803 3374 Tertium
1347 3304 1370 3356 P

183 3401 225 3446 est,
237 3391 462 3450 temporsperiodioa
471 3392 615 3452 planetarum
623 3390 683 3438 circi
692 3392 803 3440 Solernet
1258 3394 1281 3431 Ρ

182 3455 307 3501 satellitum
318 3453 377 3500 ciret
388 3455 523 3514 primarium
533 3470 609 3510 suum,
621 3470 669 3501 esse
680 3455 705 3500 in
715 3456 803 3504 ratione

182 3515 343 3579 aeaquiplicati
360 3517 519 3566 distantiarum
536 3535 550 3566 a
565 3529 644 3567 cenem
661 3519 697 3564 sui
715 3519 799 3567 motits
1343 3511 1369 3565 Ρ

185 3581 223 3628 Es
235 3580 279 3627 haic
289 3582 436 3641 proportione
450 3583 568 3645 colligitur
584 3582 727 3642 planetarum
739 3584 801 3631 velo·

183 3645 263 3719 citatep
273 3644 297 3689 in
306 3644 458 3692 mediocribus
468 3645 730 3693 distantiisabumbilioo
738 3661 801 3693 com·
886 3664 893 3671 ·

183 3723 250 3755 mum
261 3723 310 3754 esse
320 3708 435 3768 reciproce
445 3710 469 3755 in
480 3711 568 3757 tatione
583 3709 743 3768 subduplioati
754 3710 800 3758 dis-

182 3773 305 3820 tantiarum
317 3772 416 3819 illarum.
437 3773 488 3821 Sint
496 3775 558 3820 enim
569 3774 601 3832 D,
612 3782 635 3820 et
645 3772 669 3829 d,
676 3773 801 3821 mediocres

182 3836 327 3896 planetarum
346 3836 460 3884 distantia
479 3838 502 3884 Τ
520 3847 577 3894 att,
599 3851 681 3884 eorum
697 3846 801 3898 tempora

182 3900 302 3959 perioiios.
315 3910 338 3946 et
348 3901 457 3961 quoniam
468 3901 491 3948 in
503 3902 601 3964 singulis
607 3901 751 3962 planetarum
762 3918 800 3949 or·

182 3963 236 4010 bitis
256 3977 326 4024 parva
345 3974 380 4010 est
400 3964 513 4012 distantia
531 3966 639 4012 maxime
656 3973 680 4011 et
698 3965 801 4014 minimas

183 4025 319 4081 differentia,
340 4028 360 4072 si
379 4029 509 4076 conferatur
525 4045 580 4076 cum
598 4027 729 4076 differendi
747 4046 801 4092 quta

182 4087 243 4134 inter
257 4090 376 4136 distantias
393 4090 494 4140 duorum
513 4094 657 4152 planetamm
673 4092 800 4151 intercedit,

183 4152 255 4210 qratia
269 4155 410 4210 temporibus
422 4157 444 4203 'l'
454 4167 504 4211 ott,
521 4156 632 4217 descripta
647 4165 715 4202 erunt
730 4173 802 4219 qoam

183 4215 287 4275 (zosime
305 4226 331 4258 ιιι
347 4216 462 4266 distantia
476 4223 500 4267 l)
511 4231 535 4266 et
544 4221 560 4267 d
567 4239 574 4278 ;
596 4220 657 4267 unde
674 4221 805 4269 velocitates
838 4204 893 4254 ‘¹⁸⁸⁰
908 4219 989 4264 ”mh
1008 4220 1087 4260 Miro
1099 4213 1116 4262 S
1127 4223 1150 4262 ‘l
1160 4213 1229 4263 “diis
1241 4217 1258 4265 S
1271 4218 1299 4273 P.
1314 4219 1331 4267 S
1343 4221 1369 4276 Q
1381 4222 1473 4273 descri-

302 4276 326 4322 D
381 4279 397 4324 d
591 4285 615 4331 ῃ
701 4282 717 4328 d
837 4272 923 4317 bantur
932 4289 1000 4321 arcus
1009 4276 1132 4324 circulares
1141 4294 1211 4341 quarn
1222 4282 1312 4329 minimi
1328 4284 1381 4341 Pr,
1396 4290 1423 4344 Q
1437 4292 1471 4346 R,

183 4325 288 4365 mittut
299 4341 328 4402 ti:
340 4327 363 4363 ‘i
375 4344 413 4402 ἶ,
428 4320 472 4367 lloc
483 4332 523 4376 Ui,
536 4332 562 4369 ut
576 4350 640 4441 ἢ,
651 4333 675 4369 ἥ
686 4349 740 4441 ἢ,
757 4323 805 4372 Ιὶῐὲ
837 4334 989 4447 ἏυίΡηάἰὴὲ
1004 4351 1029 4396 p,
1043 4342 1211 4453 sqlgoemfgm
1222 4345 1305 4402 inm(
1318 4349 1345 4399 R
1360 4352 1472 4400 “inm

184 4483 212 4520 ut
223 4440 276 4578 ἐξ
287 4484 311 4522 et
321 4438 372 4578 ᾖ,
389 4489 429 4521 seo
442 4473 466 4520 in
477 4476 638 4536 subdupiicati
653 4479 741 4526 ratione
757 4495 806 4527 me·
839 4415 967 4578 3ὴέῗῇ
977 4479 989 4508 ¹
1000 4410 1157 4522 ῑρέἣζῧ
1170 4408 1283 4525 (ὶρὲἶ
1293 4412 1310 4458 s
1320 4421 1384 4520 bis-d<
1391 4417 1474 4528 ¹9th

183 4576 298 4652 diocrium
309 4578 471 4627 distantiarum
483 4577 579 4634 inversi,
591 4579 615 4623 in
627 4577 673 4639 quii
684 4581 753 4628 etiam
769 4598 806 4629 ra·
838 4535 1353 4653 dmcripiiiliilebipusdliiiieidbiiiluusncims
1358 4550 1473 4662 mig

184 4652 250 4716 trono
257 4643 455 4717 suntnrelocitates
471 4643 571 4703 partium
590 4643 679 4690 vorticis
689 4647 807 4693 circularis
839 4651 931 4699 vorticis
950 4653 973 4699 in
992 4655 1020 4709 P.
1037 4667 1061 4703 ct
1073 4659 1108 4715 Ως
1128 4661 1199 4721 quarti
1210 4663 1337 4711 velocitates
1348 4667 1401 4715 itta
1412 4686 1475 4722 aune

183 4718 208 4752 ¹¹²
227 4706 343 4754 dmm·
364 4706 455 4760 ”vd
468 4723 482 4754 ⁸
495 4706 549 4754 ⁸⁰¹²
561 4709 613 4770 (rer
630 4707 699 4769 Pron
714 4709 806 4772 Mlti
838 4713 864 4760 tn
883 4715 971 4764 mnne
988 4717 1080 4768 uveni
1096 4721 1263 4774 tantvm
1300 4728 1379 4779 rurs
1394 4736 1474 4798 qn„
