3322 5738
265 469 325 522 134
593 452 932 528 PHILOSOPHIAE
955 462 1226 529 NATURALIS
1273 463 1383 543 [Mor.
1398 465 1549 529 Coaron.

307 635 405 698 Corol.
422 643 451 700 5.
500 634 638 699 Proinde
653 657 766 719 corpus
780 635 865 720 quod
880 634 1024 718 specifice
1038 636 1164 722 gravius
1179 649 1226 699 est
1242 637 1335 722 quam
1344 635 1476 700 fluidum
1492 637 1551 701 sibi

262 746 454 831 contiguum,
472 745 655 824 subsidebit,
672 760 704 810 et
718 747 802 831 quod
819 745 962 831 specificis
977 746 1075 809 levius
1090 726 1137 809 est
1152 745 1307 821 ascendet,
1323 760 1506 832 motumque
1520 760 1553 809 et

260 855 371 943 figurae
393 857 596 920 mutationem
619 870 835 942 consequetur,
859 867 1010 941 quantum
1033 877 1177 918 excessus
1192 855 1243 917 ille
1258 855 1307 917 vel
1322 854 1461 918 defectus
1477 876 1552 939 gra·

260 965 361 1028 vitatis
377 965 498 1028 efficere
513 965 621 1049 possit.
668 966 812 1050 Namque
832 987 977 1028 excessus
999 964 1051 1028 ille
1067 963 1114 1028 vel
1129 964 1267 1028 desectus
1288 965 1441 1028 rationem
1456 965 1552 1030 habet

260 1072 421 1157 impulsus,
439 1098 502 1161 quo
517 1097 641 1159 corpus,
665 1075 740 1138 alias
756 1080 788 1137 in
803 1073 978 1160 aequilibrio
993 1097 1064 1139 cum
1075 1073 1164 1138 fluidi
1178 1075 1319 1159 partibus
1335 1076 1549 1153 constitutum,

259 1196 407 1268 urgetur3
430 1195 461 1244 et
476 1182 649 1264 comparari
669 1194 772 1265 potest
787 1203 859 1244 cum
874 1203 1004 1246 excessu
1026 1181 1075 1247 vel
1098 1181 1220 1246 defectu
1243 1181 1391 1265 ponderis
1407 1183 1439 1244 in
1461 1183 1551 1248 lance

259 1288 407 1352 alterutris
421 1289 518 1352 librae.

304 1400 400 1463 δοιοὶ.
417 1410 447 1464 6.
494 1399 672 1485 Corporum
687 1400 783 1487 igitur
798 1400 830 1463 in
841 1399 945 1465 fluidis
961 1401 1201 1465 constitutorum
1217 1400 1336 1485 duplex
1346 1412 1393 1464 est
1402 1401 1548 1487 gravitas,

258 1508 354 1573 altera
369 1533 442 1573 vera
457 1523 488 1573 et
503 1510 654 1588 absoluta,
672 1511 769 1574 altera
783 1532 947 1595 apparens,
971 1509 1108 1597 vulgaris
1123 1525 1155 1574 et
1170 1510 1390 1594 comparativa.
1437 1510 1550 1574 Gravi-

257 1629 304 1681 tas
325 1616 467 1680 absoluta
482 1631 528 1681 est
543 1618 588 1680 vis
604 1630 670 1681 tota
684 1617 745 1703 quir
761 1639 874 1702 corpus
898 1616 1044 1680 deorsum
1067 1616 1185 1680 tendit:
1211 1617 1339 1681 relativa
1359 1631 1391 1680 et
1413 1617 1550 1704 vulgaris

257 1737 304 1788 est
328 1749 473 1791 excessus
495 1729 654 1815 gravitatis
678 1751 740 1814 quo
762 1749 876 1811 corpus
898 1726 996 1814 magis
1018 1726 1124 1790 tendit·
1140 1726 1287 1790 deorsum
1310 1749 1404 1812 quam
1418 1726 1550 1789 fluidum

257 1832 407 1896 ambiens.
454 1835 572 1899 Prioris
587 1835 710 1923 generis
721 1834 873 1922 gravitate
888 1846 992 1917 partes
1007 1832 1178 1896 fluidorum
1187 1845 1219 1896 et
1228 1854 1395 1916 corporum
1410 1835 1550 1895 omnium

255 1942 413 2027 gravitant
428 1944 460 2006 in
476 1943 554 2008 locis
570 1945 652 2009 suis:
676 1944 811 2030 ideoque
826 1942 998 2028 conjunctis
1013 1940 1205 2025 ponderibus
1220 1956 1412 2025 componunt
1425 1941 1550 2025 pondus

256 2049 360 2112 totius.
408 2051 491 2114 Nam
507 2064 606 2115 totum
622 2074 715 2115 omne
729 2074 826 2138 grave
841 2064 898 2127 est,
922 2063 958 2114 ut
972 2050 1005 2112 in
1020 2051 1101 2114 vasis
1116 2049 1273 2136 liquorum
1295 2050 1397 2134 plenis
1413 2051 1548 2134 experiri

255 2158 345 2234 licet;
369 2173 401 2224 et
415 2161 539 2244 pondus
555 2162 650 2225 to'tius
670 2162 791 2248 aequale
807 2173 854 2225 est
867 2158 1060 2244 ponderibus
1083 2159 1223 2222 omnium
1245 2160 1390 2243 partium,
1416 2157 1549 2243 ideoque

255 2288 295 2329 ex
306 2265 417 2331 iisdem
429 2269 638 2352 componitur.
684 2267 823 2332 Alterius
846 2266 971 2354 generis
992 2265 1145 2353 gravitate
1168 2287 1301 2350 corpora
1315 2288 1379 2330 non
1394 2266 1548 2352 gravitant

254 2375 287 2436 in
311 2374 387 2439 locis
413 2378 486 2454 suis,
517 2378 550 2441 id
577 2392 633 2455 est,
661 2379 742 2443 inter
765 2401 798 2442 se
821 2377 933 2440 collata
955 2397 1018 2438 non
1041 2389 1251 2462 praegravant,
1284 2377 1339 2440 sed
1369 2390 1493 2439 mutuos
1508 2376 1548 2438 ad

254 2482 508 2548 descendendum
524 2501 653 2549 conatus
669 2485 870 2570 impedientia
884 2495 1069 2568 permanent
1083 2483 1117 2545 in
1132 2482 1208 2546 locis
1224 2483 1297 2558 suis,
1320 2482 1452 2565 perinde
1467 2504 1503 2544 ac
1520 2482 1546 2543 si

253 2590 361 2675 gravia
375 2613 439 2654 non
462 2606 575 2657 essent.
622 2592 704 2669 Quae
720 2593 751 2655 in
767 2595 839 2656 ae're
854 2605 928 2655 sunt
942 2603 974 2654 et
988 2611 1053 2653 non
1076 2602 1282 2676 praegravant,
1307 2588 1418 2674 vulgus
1440 2589 1548 2674 gravia

253 2718 317 2759 non
327 2697 458 2782 judicat.
506 2699 588 2776 Quae
603 2714 803 2787 praegravant
818 2699 929 2786 vulgus
943 2698 1051 2786 gravia
1060 2696 1190 2782 judicat,
1207 2695 1359 2782 quitenus
1374 2696 1454 2759 a'e'ris
1469 2719 1547 2780 pon·

252 2805 328 2868 dere
343 2829 407 2870 non
423 2810 625 2873 sustinentur.
673 2810 819 2874 Pondera
835 2809 919 2896 vulgi
934 2808 1013 2872 nibil
1025 2807 1109 2871 aliud
1124 2820 1196 2871 sunt
1210 2805 1304 2893 quiam
1326 2829 1472 2871 excessus
1495 2830 1547 2870 ve-

252 2937 359 2980 rorum
375 2918 552 3002 ponderum
567 2942 662 3004 supra
675 2920 801 3004 pondus
816 2919 905 2983 aeris.
953 2918 1049 2984 Unde
1063 2931 1095 2982 et
1109 2917 1204 3004 vulgo
1219 2917 1364 2980 dicuntur
1375 2917 1465 2992 levia,
1477 2940 1547 3001 quae

253 3036 326 3086 sunt
340 3025 442 3089 minus
457 3027 574 3113 gravia,
591 3028 717 3112 aerique
732 3027 942 3115 praegravanti
956 3026 1099 3091 cedendo
1114 3026 1276 3110 superiora
1289 3038 1409 3110 petunt.
1451 3025 1546 3088 Com-

250 3131 390 3213 parativd
405 3132 485 3197 levia
502 3148 585 3213 sunt,
601 3157 667 3198 non
683 3134 765 3212 vere,
783 3135 856 3221 quia
870 3134 1065 3199 descendunt
1080 3133 1113 3197 in
1128 3155 1236 3198 vacuo.
1283 3134 1336 3199 Sic
1358 3147 1390 3198 et
1412 3133 1444 3196 in
1466 3134 1546 3219 aquai

251 3260 394 3324 corpora,
412 3265 483 3329 quae
494 3244 536 3308 ob
552 3246 700 3329 majorem
716 3244 765 3308 vel
781 3245 934 3308 minorem
953 3245 1137 3331 gravitatem
1152 3241 1345 3307 descendunt
1370 3244 1418 3307 vel
1440 3267 1548 3307 ascen-

250 3347 340 3425 dunt,
364 3366 437 3415 sunt
459 3354 669 3438 comparative
685 3368 716 3418 et
730 3367 918 3439 apparenter
938 3353 1047 3441 gravia
1063 3353 1112 3417 vel
1127 3353 1217 3430 levia,
1241 3365 1273 3416 et
1287 3375 1396 3417 eorum
1411 3355 1546 3440 gravitas

250 3455 300 3520 vel
322 3456 430 3523 levitas
453 3464 664 3547 comparativa
677 3477 717 3533 „et
739 3486 894 3549 apparens
916 3477 964 3528 est
984 3485 1130 3528 excessus
1152 3462 1203 3527 vel
1224 3461 1362 3526 defectus
1389 3487 1452 3549 quo
1474 3487 1546 3527 vera

250 3589 360 3631 eorum
382 3571 517 3655 gravitas
533 3572 582 3636 vel
597 3586 722 3658 superat
743 3574 926 3661 gravitatem
948 3594 1049 3660 aquae,
1072 3571 1122 3636 vel
1136 3572 1177 3636 ab
1191 3571 1227 3636 ei
1243 3587 1416 3657 superatur.
1463 3574 1544 3648 Quae

250 3676 325 3742 verb
340 3699 399 3741 nec
413 3681 642 3766 praegravando
656 3682 862 3762 descendunt,
887 3705 944 3748 nec
965 3682 1176 3769 proegmvanti
1198 3680 1339 3746 cedendo
1361 3681 1542 3757 ascendunt,

250 3784 371 3850 etiamsi
387 3787 467 3850 veris
482 3788 545 3851 suis
560 3788 752 3872 ponderibus
765 3789 942 3878 adaugeant
955 3791 1080 3876 pondus
1096 3790 1200 3867 totius,
1217 3789 1425 3874 eomparative
1437 3803 1542 3853 tamen

248 3908 281 3957 et
295 3894 328 3957 in
343 3918 436 3961 sensu
459 3895 544 3985 vulgi
567 3919 630 3960 non
650 3899 808 3985 gravitant
823 3899 855 3961 in
871 3898 961 3985 aqud.
1008 3897 1091 3962 Nam
1103 3896 1211 3962 similis
1226 3911 1273 3962 est
1287 3897 1400 3961 borum
1415 3918 1542 3959 casuum

231 4023 233 4026 ·
250 4000 483 4071 demonstratio.

293 4111 392 4177 Corol.
410 4124 438 4182 7.
487 4117 571 4191 Quae
586 4118 625 4182 de
640 4121 792 4206 gravitate
815 4119 1079 4193 demonstrantur,
1106 4116 1249 4180 obtinent
1270 4116 1304 4178 in
1325 4113 1393 4180 aliis
1415 4114 1543 4200 quibus·

251 4242 373 4307 cunque
389 4224 505 4287 viribus
521 4228 711 4311 centripetis.

294 4332 394 4396 Corol.
412 4342 441 4396 8.
488 4333 626 4399 Proinde
641 4338 668 4400 si
683 4338 832 4414 medium,
846 4339 878 4401 in
894 4362 957 4425 qno
972 4361 1087 4425 corpus
1102 4338 1229 4426 aliquod
1251 4350 1402 4414 movetur,
1429 4359 1542 4423 urgea-

248 4456 300 4507 tur
313 4441 362 4506 vel
377 4465 397 4505 a
410 4442 562 4528 gravitate
577 4446 716 4529 propriis,
734 4448 783 4511 vel
799 4448 839 4512 ab
854 4449 914 4512 alid
931 4450 1116 4537 quacunque
1131 4451 1161 4513 vi
1177 4448 1358 4536 centripetti,
1381 4461 1412 4511 et
1427 4469 1543 4531 corpus

247 4552 288 4617 ab
302 4552 412 4618 eddem
428 4554 458 4617 vi
473 4567 622 4641 urgeatur
636 4555 764 4634 fortius3
792 4558 966 4624 differentia
981 4561 1093 4625 virium
1108 4574 1156 4625 est
1169 4562 1216 4624 vis
1231 4559 1284 4625 illa
1297 4558 1423 4634 motrix,
1448 4580 1542 4643 quam

248 4663 281 4725 in
304 4664 553 4749 praecedentibus
579 4667 853 4753 Propositionibus
878 4685 912 4736 ut
942 4672 1004 4735 vim
1034 4673 1237 4758 centripetam
1267 4670 1540 4735 consideravimus.
