3322 5738
77 432 191 498 Luras
203 431 367 511 Sacrum]
399 430 640 496 PRINCIPIA
663 430 1034 499 ΜΑΤΗΕΜΑΤΙΟΑ.
1298 443 1363 502 187

74 605 127 669 vel
144 613 184 669 10
197 603 238 666 ad
255 614 269 669 1
288 592 418 669 circiter.
465 605 528 670 Sed
546 604 759 689 experimento
773 605 870 689 priori
891 607 989 690 magis
1004 606 1164 670 fidendum
1186 620 1241 683 est,
1262 629 1358 692 prop·

76 725 164 776 terea
178 713 263 798 quod
276 713 309 776 iu
323 712 372 776 his
387 711 503 775 ultimis
518 735 572 775 vas
586 713 677 775 nimis
691 724 857 799 angustum
878 712 937 777 lint
959 735 1018 797 pro
1039 715 1250 802 magnitudine
1271 715 1358 802 globi

75 818 221 882 immersi.
264 818 424 902 Ampliato
449 818 554 904 globo,
580 818 708 883 deberet
731 820 823 882 etiam
847 842 901 883 vas
931 820 1082 903 ampliari.
1127 820 1356 885 constitueram

74 926 200 1012 quidem
224 923 403 1010 hujusmodi
426 924 638 1007 experimenta
658 925 691 986 in
711 925 791 987 vasis
810 926 979 1010 majoribus
994 927 1071 990 etin
1092 925 1264 1011 liquoribus
1289 938 1355 990 tum

73 1030 269 1095 metallorum
282 1030 433 1106 lusorum,
456 1041 523 1093 tum
538 1029 604 1092 aliis
618 1031 804 1113 quibusdam
818 1043 882 1094 tarn
896 1032 1004 1095 calidis
1018 1055 1113 1118 quam
1127 1033 1247 1119 frigidis
1267 1055 1356 1116 repe·

73 1149 155 1202 tere:
170 1136 226 1201 aed
240 1137 346 1200 omnia
359 1135 495 1220 experiri
512 1157 575 1198 non
590 1148 687 1212 vacat,
705 1148 789 1199 etex
800 1137 867 1219 jam
881 1135 1042 1221 descriptis
1057 1138 1131 1201 satis
1145 1137 1243 1222 liquet
1263 1138 1355 1202 resis-

72 1249 201 1314 tentiam
215 1268 382 1331 corporum
396 1246 536 1310 celeriter
550 1257 706 1309 motorum
720 1245 865 1309 densitati
878 1244 1045 1310 fluidorum
1060 1247 1214 1332 inquibus
1223 1268 1353 1310 moven-

72 1371 124 1422 tur
139 1355 404 1440 proportionalem
419 1376 486 1418 esse
501 1352 760 1439 quamproxime.
799 1354 873 1418 Non
888 1354 961 1417 dico
975 1355 1128 1421 accurate.
1165 1355 1250 1420 Nam
1260 1356 1357 1420 fluida

73 1467 241 1541 tenaciora,
257 1465 327 1548 pari
341 1464 502 1540 densitate,
517 1462 724 1547 proculdubio
739 1464 836 1550 magis
852 1463 999 1529 resistunt
1012 1463 1105 1550 quam
1120 1452 1296 1550 liquidiora,
1319 1475 1357 1527 ut

74 1573 180 1637 oleum
193 1573 344 1659 frigidum*
360 1595 452 1658 quam
467 1571 612 1647 calidum,
639 1571 772 1635 calidum
789 1569 882 1656 quim
896 1595 976 1659 aqua
990 1573 1141 1658 pluvialis,
1167 1597 1248 1659 aqua
1262 1571 1356 1660 quim

74 1679 199 1763 spiritus
213 1680 285 1742 vini.
330 1679 448 1742 Verum
463 1679 495 1741 in
510 1678 691 1763 liquoribus,
715 1678 768 1762 qui
783 1677 824 1741 ad
844 1700 968 1742 sensum
983 1679 1056 1743 satis
1069 1679 1160 1742 fluidi
1173 1692 1256 1756 sunt,
1272 1681 1355 1744 utin

73 1789 154 1863 a‘e're‚
170 1788 202 1849 in
216 1785 296 1871 aquai
311 1807 366 1848 seu
381 1783 465 1848 dulci
478 1807 534 1848 seu
549 1783 638 1859 salsi,
653 1784 686 1845 in
701 1783 858 1865 spiritibus
872 1785 944 1861 vini,
962 1785 1127 1848 terebinthi
1141 1798 1173 1849 et
1186 1786 1306 1864 salium,
1321 1786 1356 1849 in

73 1896 143 1958 oleo
156 1918 176 1958 a
189 1894 316 1959 laecibus
338 1916 396 1977 per
417 1892 650 1957 distillationem
664 1892 796 1957 liberato
810 1906 842 1956 et
856 1893 1013 1971 calefacto,
1037 1896 1168 1981 oleoque
1189 1895 1304 1960 vitrioli
1324 1907 1357 1961 et

72 2007 235 2084 mercurio,
258 2027 295 2069 ac
310 2003 442 2068 metallis
456 2003 638 2090 liquefactis,
655 2015 686 2066 et
701 2003 795 2089 siqui
810 2004 872 2067 sint
886 2004 948 2079 alii,
971 2005 1024 2089 qui
1039 2017 1102 2067 tarn
1116 2005 1204 2068 fluidi
1226 2018 1300 2069 sunt
1321 2017 1357 2069 ut

72 2117 104 2178 iu
118 2117 199 2179 vasis
213 2115 321 2202 agitati
335 2124 455 2176 motum
469 2114 654 2196 impressum
673 2111 788 2175 diutius
811 2123 1003 2187 conservent,
1028 2111 1177 2196 effirsique
1196 2110 1357 2176 liberrime

72 2222 105 2284 in
128 2235 232 2309 guttas
253 2219 450 2284 decurrendo
469 2220 671 2297 resolvantur,
698 2218 802 2281 nullus
824 2218 932 2282 dubito
954 2219 1027 2304 quin
1052 2220 1159 2304 regula
1173 2219 1266 2282 allata
1280 2221 1354 2284 satis

75 2332 217 2397 accurate
237 2332 392 2396 obtineat:
422 2332 592 2416 praesertim
614 2332 640 2394 si
661 2329 874 2413 experimenta
896 2328 929 2390 iu
949 2328 1132 2412 corporibus
1156 2327 1301 2412 pendulis
1323 2339 1355 2393 et

73 2442 242 2526 majoribus
257 2457 288 2506 et
299 2440 433 2504 velocius
448 2441 538 2504 motis
552 2440 760 2505 instituantur.

116 2548 261 2632 Denique
277 2543 347 2610 crlrn
361 2547 582 2611 nonnullorum
596 2548 702 2631 opinio
721 2548 769 2624 sit,
795 2546 932 2611 medium
958 2546 1115 2631 quoddam
1130 2544 1300 2612 aethereum
1322 2558 1355 2610 et

72 2655 164 2742 longe
175 2656 407 2720 subtilissimum
417 2670 532 2733 extare,
548 2656 633 2742 quod
643 2678 751 2720 omnes
762 2657 900 2719 omnium
912 2678 1078 2740 corporum
1086 2680 1180 2741 poros
1192 2671 1223 2721 et
1234 2670 1353 2720 meatus

72 2761 228 2826 liberrime
249 2774 406 2846 permeet3
433 2785 453 2825 a
466 2763 520 2827 tali
535 2773 640 2826 autem
654 2761 758 2826 medio
772 2784 829 2846 per
843 2784 1010 2846 corporum
1024 2786 1117 2848 poros
1132 2765 1248 2828 fluente
1262 2763 1353 2828 resis-

72 2871 167 2933 tentia
181 2871 255 2934 oriri
270 2870 397 2934 debeat:
421 2884 456 2935 ut
477 2885 628 2935 tentarem
643 2892 683 2933 an
699 2872 880 2947 resistentia,
902 2894 995 2957 quam
1009 2873 1043 2935 in
1056 2874 1148 2936 motis
1171 2873 1353 2957 corporibus

72 2979 260 3062 experimur,
283 2991 347 3040 tota
364 2979 404 3041 sit
418 2979 451 3040 in
465 3000 574 3041 eorum
588 2977 718 3041 externi
733 2978 906 3061 superficie,
929 3001 969 3041 an
983 3001 1058 3043 vero
1071 2992 1175 3063 partes
1191 2981 1284 3044 etiam
1305 2979 1353 3042 in·

73 3101 170 3150 terna
185 3088 217 3149 iu
232 3086 452 3169 superficiebus
468 3087 601 3170 propriis
617 3086 818 3150 resistentiam
835 3086 1002 3168 notabilem
1017 3089 1161 3164 sentiant,
1177 3086 1354 3171 excogitavi

73 3191 321 3274 experimentum
335 3191 405 3254 tale.
451 3190 521 3254 Filo
541 3190 655 3275 pedum
678 3192 821 3254 undecim
837 3191 1038 3278 longitudinis
1053 3194 1093 3255 nb
1108 3215 1189 3256 unco
1203 3193 1353 3276 chalybeo

73 3301 147 3364 satis
162 3300 263 3376 firmo,
285 3299 442 3363 mediante
457 3300 573 3362 annulo
587 3299 746 3384 chalybeo,
770 3300 995 3382 suspendebam
1017 3300 1165 3385 pyxidem
1189 3300 1353 3386 abiegnam

72 3406 249 3481 rotundam,
275 3405 315 3469 ad
337 3405 585 3469 constituendum
608 3406 780 3490 pendulum
806 3406 1007 3493 longitudinis
1026 3406 1194 3490 praedicta.
1242 3407 1352 3472 Uncus

73 3534 197 3576 sursum
211 3525 386 3596 praeacutus
401 3523 468 3575 erat
482 3513 546 3575 acie
561 3511 706 3589 concavi,
732 3525 768 3575 ut
782 3512 914 3576 annulus
934 3535 1008 3576 arcu
1028 3535 1085 3576 suo
1103 3515 1261 3598 superiore
1275 3515 1353 3578 aciei

71 3619 206 3682 annixus
220 3618 376 3682 liberrime
389 3632 573 3682 moveretur.
602 3619 716 3683 .Arcui
730 3631 834 3683 autem
854 3618 992 3683 inferiori
1013 3623 1233 3687 annectebatur
1254 3625 1351 3687 filum.

73 3725 251 3790 Pendulum
266 3726 309 3789 ita
323 3725 524 3789 constitutum
539 3724 732 3790 deducebam
747 3716 766 3788 a
779 3727 1002 3810 perpendiculo
1018 3728 1058 3792 ad
1073 3729 1250 3795 distaurtim
1265 3730 1352 3816 quasi

71 3842 187 3924 pedum
203 3863 270 3917 sex,
297 3840 390 3926 idque
405 3840 574 3905 secundum
588 3841 717 3925 planum
731 3842 807 3907 aciei
822 3843 895 3905 unci
908 3841 1177 3926 perpendiculare,
1199 3859 1239 3901 ne
1253 3858 1352 3899 annu-

74 3944 133 4023 lus,
156 3947 316 4010 oscillante
327 3945 474 4029 pendulo,
491 3968 586 4031 supra
601 3947 698 4011 aciem
713 3948 785 4011 unci
801 3947 882 4011 ultro
897 3948 1037 4032 citroque
1059 3946 1224 4008 laberetur.
1269 3942 1353 4006 Nam

74 4065 221 4133 punctum
237 4052 457 4135 suspensionis,
473 4052 505 4114 in
519 4075 582 4136 quo
597 4053 727 4115 annulus
739 4074 853 4116 uncum
864 4052 973 4139 tangit,
988 4052 1150 4113 immotum
1163 4069 1287 4111 manere
1299 4047 1354 4112 de·

74 4158 135 4222 bet
168 4161 288 4223 Locum
298 4160 393 4247 igitur
404 4159 546 4224 accurate
555 4161 711 4238 notabam,
727 4162 768 4226 ad
782 4183 875 4247 quem
883 4159 1074 4223 deduxeram
1083 4158 1265 4243 pendulum,
1281 4158 1353 4223 dein

74 4264 211 4346 pendulo
232 4266 366 4328 demisso
388 4265 536 4330 notabam
550 4267 611 4330 alia
624 4268 683 4330 tria
697 4267 766 4332 loca
780 4268 820 4332 ad
835 4290 906 4353 quae
920 4266 1042 4331 redibat
1055 4266 1087 4328 in
1104 4266 1167 4329 fine
1189 4264 1355 4329 oscillatio-

73 4373 122 4434 nis
137 4375 254 4455 primae,
271 4374 416 4438 secundm
431 4396 467 4437 ac
483 4375 593 4438 tertioe.
640 4374 715 4439 Hoc
730 4377 907 4461 repetebam
923 4374 1046 4460 saepius,
1062 4387 1098 4438 ut
1111 4374 1181 4436 loca
1194 4374 1247 4435 illa
1261 4392 1354 4456 quarn

72 4479 160 4561 potui
184 4480 412 4544 accuratissime
435 4482 614 4546 invenirem.
660 4482 745 4545 Tum
768 4484 917 4568 pyxidem
942 4482 1074 4568 plumbo
1098 4494 1129 4545 et
1151 4477 1353 4567 gravioribus,

73 4607 144 4669 quta
159 4585 199 4648 ad
214 4608 323 4651 manus
338 4601 436 4664 erant,
453 4590 584 4654 metallis
599 4589 776 4675 implebam.
809 4590 966 4675 Sedprius
980 4587 1193 4674 ponderabam
1206 4580 1355 4667 pyxidem

72 4711 213 4767 vacuam,
239 4691 301 4758 uurl
318 4708 494 4780 camparte
517 4696 563 4761 fili
584 4718 654 4783 qum
680 4698 796 4761 circum
817 4696 965 4783 pyxidem
982 4696 1163 4762 volvebatur
1176 4713 1212 4755 ac
1227 4687 1356 4753 dimidio
