3322 5738
95 428 210 493 Ltasn
221 427 385 506 Saeuum]
416 427 658 493 PRINCIPIA
682 427 1051 497 MATHEMATICA.
1320 443 1375 500 191

584 935 767 1010 SECTIO
792 937 880 1010 V11.

291 1135 351 1206 Dc
367 1144 459 1206 motu
469 1136 663 1231 fluidomem
680 1150 714 1210 et
730 1137 926 1210 resistentid
935 1139 1176 1233 projectilium.

276 1423 557 1490 PROPOSITIO
580 1424 735 1489 XXXII.
781 1424 1050 1489 THEOREMA
1074 1424 1203 1488 XXVI.

100 1619 136 1684 Si
146 1639 297 1702 caponem
312 1629 470 1703 systemata
486 1622 543 1681 duo
557 1620 669 1682 similia
685 1641 722 1682 ea
736 1621 847 1701 aequali
862 1622 1083 1701 particularum
1103 1640 1222 1682 numero
1235 1626 1379 1694 constent,

139 1735 169 1789 et
188 1728 353 1808 particulae
376 1728 634 1806 correspondentes
654 1727 765 1788 similes
785 1726 847 1787 sint
868 1735 896 1786 et
914 1726 1169 1806 proportionales,
1199 1726 1325 1808 singula
1347 1726 1382 1786 im

137 1854 196 1895 toto
220 1843 375 1916 systemate
402 1833 529 1914 singulis
553 1833 586 1892 in
610 1833 716 1907 altera,
744 1841 773 1893 et
796 1833 936 1894 similiter
960 1834 1027 1894 sitae
1052 1833 1132 1894 inter
1151 1853 1191 1907 se,
1218 1853 1255 1893 ac
1276 1833 1381 1893 Mam

135 1943 266 2006 habeam
288 1944 436 2004 rationem
458 1941 616 2003 densitatis
637 1942 680 2002 ad
703 1941 837 2014 invicem,
864 1949 893 2000 et
916 1942 995 2002 inter
1009 1961 1039 2002 se
1053 1940 1232 2021 temporibus
1250 1959 1382 2021 propor-

140 2051 305 2114 tionalibus
325 2051 465 2112 similiter
485 2051 596 2113 moueri
617 2050 767 2130 incipiant
790 2047 853 2130 (ea
867 2051 948 2111 inter
960 2070 991 2110 se
1005 2070 1071 2131 quer
1085 2053 1119 2111 in
1132 2071 1191 2111 reno
1205 2059 1273 2112 stent
1291 2058 1382 2131 syste-

137 2167 217 2219 mate
231 2166 260 2218 et
275 2177 317 2217 eae
332 2158 412 2218 inter
426 2177 456 2218 se
471 2175 538 2237 qum
551 2165 619 2218 sunt
635 2156 668 2216 in
683 2154 800 2238 altero)
823 2155 894 2217 etsi
914 2175 973 2215 non
997 2165 1128 2237 tangant
1146 2178 1178 2219 se
1196 2165 1295 2218 mutuo
1317 2174 1383 2237 quae

141 2268 175 2327 in
199 2268 297 2328 codem
320 2276 387 2330 sum
400 2275 563 2349 systemate,
588 2266 649 2328 nisi
664 2267 697 2326 in
711 2264 862 2326 momentis
877 2264 1077 2349 rqleaionum
1101 2285 1194 2347 nequae
1208 2265 1379 2340 attrahant,

140 2373 305 2455 velfugcnt
318 2394 349 2434 se
362 2368 469 2447 mutati,
486 2373 548 2436 nisi
561 2372 675 2435 uiribtus
689 2370 946 2433 accelerotricibus
960 2391 1027 2452 qua
1042 2372 1103 2432 sint
1116 2379 1150 2431 ut
1159 2371 1383 2451 particulorum

140 2481 427 2560 correspondentiam
443 2481 584 2543 diametri
599 2475 714 2542 inversi
728 2489 757 2541 et
772 2479 923 2560 quadrata
945 2480 1130 2540 uelocitotum
1152 2474 1283 2540 directi:
1312 2479 1380 2540 dico

138 2586 217 2668 quod
228 2595 413 2669 systematum
423 2588 585 2667 porticula
600 2588 663 2649 illae
671 2595 800 2669 pergent
816 2587 895 2647 inter
908 2607 939 2647 se
952 2585 1130 2667 temporibus
1138 2585 1384 2667 proportionali·

137 2691 397 2776 nsrmmaaer
410 2693 531 2754 maere.
759 2670 762 2679 ’

142 2863 287 2948 Corpora
302 2864 414 2927 similia
435 2876 467 2927 et
488 2864 628 2928 similiter
650 2865 708 2928 sita
729 2865 920 2948 temporibus
943 2865 1228 2949 proportionalibus
1250 2865 1330 2928 inter
1352 2885 1385 2927 se

96 2969 235 3033 similiter
250 2971 368 3033 moveri
382 2970 463 3046 dico,
488 2992 621 3055 quorum
636 2971 712 3034 situs
727 2971 768 3034 ad
783 2972 913 3035 invicem
928 2973 960 3033 in
976 2973 1038 3035 fine
1060 2986 1237 3057 temporum
1260 2971 1385 3034 illorum

97 3097 219 3158 semper
234 3087 305 3137 sunt
320 3073 450 3137 similes:
473 3073 550 3158 putei
565 3075 590 3140 si
601 3077 761 3159 particulae
776 3079 868 3140 unius
884 3079 1057 3162 systematis
1073 3102 1144 3142 cum
1166 3079 1292 3142 alterius
1313 3099 1386 3161 par·

96 3183 198 3246 ticulis
214 3181 526 3264 correspondentibus
541 3182 748 3248 oonferantur.
795 3185 889 3250 Unde
905 3199 1045 3268 tempora
1061 3201 1152 3250 erunt
1166 3187 1386 3270 proportiona-

96 3290 147 3366 lia,
158 3289 311 3374 inquibus
324 3289 438 3354 simsses
450 3304 481 3355 et
488 3292 735 3376 proportionales
746 3294 917 3380 figurarum
926 3294 1072 3357 similium
1082 3308 1185 3378 partes
1196 3318 1217 3358 a
1225 3293 1386 3378 particulis

98 3399 413 3483 correspondentibus
429 3400 655 3465 describuntur.
702 3403 803 3489 Igitur
824 3405 850 3466 si
872 3403 935 3465 duo
958 3403 1020 3465 sint
1042 3402 1195 3488 ejusmodi
1211 3415 1385 3488 systemata,

96 3506 258 3591 particulae
271 3506 559 3591 correspondentes,
576 3508 617 3570 ob
626 3509 858 3572 similitudinem
870 3511 1075 3593 incoeptorum
1089 3522 1238 3587 motuum,
1255 3521 1388 3596 pergent

98 3615 241 3679 similiter
263 3615 390 3690 moverI,
417 3636 514 3699 usque
536 3613 636 3678 donec
658 3615 717 3678 sibi
731 3630 841 3679 mutuo
856 3629 1030 3680 occurrant.
1075 3617 1159 3680 Nam
1174 3617 1200 3680 si
1215 3615 1307 3679 nullis
1322 3615 1387 3700 agi-

98 3737 204 3788 tentur
227 3725 354 3800 viribus,
381 3724 622 3811 progredientur
647 3725 843 3789 uniformiter
869 3727 904 3810 (')
920 3727 951 3788 in
976 3725 1064 3790 lineis
1090 3726 1182 3789 rectis
1204 3747 1260 3809 per
1285 3721 1387 3786 motits

97 3833 157 3919 leg.
177 3843 203 3897 1.
251 3835 284 3898 Si
299 3834 415 3896 viribus
430 3834 587 3918 aliquibus
603 3858 635 3898 se
650 3847 760 3898 mutuo
775 3834 902 3921 agitant,
919 3847 950 3897 et
964 3835 1045 3897 vires
1060 3833 1122 3897 illae
1137 3834 1198 3896 sint
1209 3845 1242 3893 ut
1253 3831 1389 3914 particu-

98 3939 198 4003 larum
213 3940 521 4022 correspondentium
537 3939 680 4005 diametri
694 3942 816 4007 inversi
837 3955 868 4006 et
882 3940 1032 4025 quadrata
1047 3940 1242 4003 velocitatum
1258 3939 1387 4017 directi3

134 4133 167 4195 (')
180 4138 193 4164 ⁶
206 4137 315 4182 &ndum
326 4138 418 4183 moueri.
456 4136 531 4182 Sunto
544 4136 566 4181 A
579 4144 601 4182 et
612 4152 633 4189 a,
648 4136 698 4183 Pet
707 4151 730 4195 p,
763 4144 832 4196 etque
845 4135 896 4181 SA
913 4134 933 4179 B
945 4132 1039 4194 aqualis
1049 4148 1084 4179 aa
1095 4133 1117 4179 b
1145 4130 1179 4178 Et
1190 4130 1294 4179 eliasibi
1305 4130 1390 4180 mutui

105 4195 155 4243 Set
165 4213 184 4252 a,
194 4198 236 4244 lec.
252 4199 370 4245 mnieula
383 4199 407 4245 in
417 4197 510 4246 duobus
520 4200 680 4260 systematibus
689 4199 730 4246 sibi
763 4196 965 4258 comcspondentea
983 4196 1102 4257 particulae
1123 4195 1242 4257 quiescant
1262 4195 1299 4243 rel
1320 4196 1390 4244 simili

103 4259 186 4306 mutui
207 4263 417 4322 eonespoadentea.
456 4262 575 4310 Particula
599 4264 621 4308 A
644 4263 668 4308 iu
690 4278 733 4309 suo
765 4261 837 4308 modo
848 4271 991 4308 moueantur.
1030 4260 1075 4307 Ilia
1086 4259 1172 4321 positis,
1184 4259 1390 4307 demonstrandum

104 4332 227 4381 systenmte
244 4335 347 4384 tempore
365 4327 395 4382 T,
415 4326 529 4373 describet
547 4326 646 4386 spatium
662 4341 733 4388 quam
765 4336 806 4383 est,
817 4325 880 4388 quod
891 4327 909 4372 si
920 4335 1042 4372 sumantur
1052 4335 1155 4385 tempora
1166 4323 1271 4385 alioqum
1279 4324 1325 4370 sint
1334 4323 1390 4371 utI*

104 4386 228 4433 mInimum
242 4389 264 4434 A
280 4389 310 4444 B,
322 4399 346 4436 et
357 4390 469 4448 particula
479 4389 660 4450 comespondens
670 4405 691 4445 a,
707 4389 732 4435 in
765 4400 788 4437 et
804 4400 821 4446 t,
840 4390 959 4451 particule
974 4389 1177 4451 correspondentes
1194 4400 1263 4437 erunt
1281 4387 1390 4449 utrinque

105 4449 178 4497 altero
188 4461 311 4513 systemate
320 4462 448 4512 temporat,
462 4453 574 4500 describat
582 4455 680 4514 spatium
690 4455 734 4508 ab,
767 4455 871 4500 similiter
881 4456 967 4515 posita.
1044 4455 1050 4469 '

107 4512 177 4573 priori
191 4516 212 4561 A
228 4515 258 4571 B,
278 4516 354 4563 simile
365 4516 515 4578 similiterque
530 4517 608 4573 situm,
625 4516 659 4564 int
670 4527 696 4563 ut
706 4517 736 4562 sit
799 4517 831 4581 (⁸)
846 4523 857 4548 ⁸
873 4522 903 4567 ln
912 4521 978 4567 lincis
986 4522 1053 4567 rectis
1058 4535 1100 4580 per
1109 4515 1183 4565 mattis
1191 4517 1233 4577 leg.
1246 4519 1266 4561 1.
1287 4511 1390 4573 Ideoque

108 4578 132 4623 A
147 4576 178 4632 B,
194 4578 223 4624 ed
234 4581 282 4637 ab,
299 4589 327 4627 ut
336 4579 449 4627 diameter
459 4580 579 4640 particula
592 4582 623 4638 A,
645 4579 675 4628 ad
685 4580 734 4627 die·
767 4582 797 4627 ab
814 4581 944 4628 velocitates
960 4574 1086 4629 uullormis
1101 4590 1124 4628 et
1139 4578 1225 4626 similer
1236 4584 1344 4648 motuum
1354 4574 1390 4622 di·

106 4652 208 4688 metrum
219 4643 339 4703 particulo
350 4660 371 4701 a,
384 4642 432 4691 avt
442 4653 470 4691 ut
482 4645 505 4691 A
516 4645 533 4691 8
543 4642 573 4691 ad
583 4660 598 4691 ι
608 4660 625 4699 s,
636 4645 674 4691 val
686 4644 708 4691 1>
718 4644 735 4691 S
765 4643 1090 4708 mdoaeepergeatsimiliter
1097 4640 1390 4700 movattenponbuspra-

105 4704 194 4766 ulps,
210 4715 235 4754 et
249 4706 387 4771 anguluaA
402 4707 733 4772 sueqmunmgutont,
766 4701 1354 4773 poeaombmeusqumoeunusmoeprim
