3322 5738
267 415 328 477 tta
567 403 909 477 PHILOSOPHIAE
931 405 1206 475 NATUBALIS
1269 405 1382 488 [Mor.
1399 407 1557 477 eoam

263 574 299 641 D
312 576 347 639 in
360 575 464 639 medio
478 596 542 638 non
556 576 718 639 resistente
740 575 915 639 retardatur
930 574 963 636 in
986 574 1015 639 Ε
1037 588 1133 638 estut
1149 575 1177 639 C
1193 575 1232 651 E,
1256 587 1288 638 et
1303 576 1348 639 vis
1363 575 1424 662 qul
1440 598 1558 662 corpus

263 679 285 745 d
299 684 332 744 in
346 681 450 749 medio
464 681 626 746 resistente
648 681 823 745 retardatur
837 681 871 744 in
886 704 903 744 e
919 693 966 745 est
986 693 1022 744 ut
1042 704 1163 746 summa
1185 682 1231 745 vis
1248 681 1276 745 C
1291 704 1309 746 e
1323 695 1356 747 et
1370 683 1558 749 resistentites

265 786 350 865 CO,
367 789 399 852 id
414 801 461 853 est
476 801 511 852 ut
526 786 557 851 Ο
572 811 608 863 e;
630 787 763 874 ideoque
785 787 875 865 vires,
903 788 1013 873 quibus
1034 808 1167 872 corpora
1188 789 1396 866 retardantur,
1423 803 1498 855 sunt
1520 805 1558 857 ut

261 898 396 963 acubus
412 898 440 960 C
456 897 495 974 E,
514 896 575 962 Oe
590 895 837 980 proportionales
852 917 943 961 arcus
960 896 988 962 C
1004 896 1043 972 B,
1068 895 1100 961 Ο
1118 897 1164 971 Β;
1188 896 1384 980 proindeque
1405 897 1556 962 velocita-

261 1014 317 1080 tes,
344 1003 375 1064 in
399 1002 470 1066 dart
494 997 545 1066 illi
568 1004 687 1067 ratione
708 1001 884 1080 retardatae,
910 1018 1039 1067 manent
1059 1001 1092 1064 in
1110 1001 1221 1066 eidem
1246 1002 1299 1064 itte
1325 1002 1397 1066 datia
1420 1006 1554 1071 ratione.

261 1108 449 1173 velocitates
463 1111 557 1196 igitur
572 1122 604 1174 et
617 1132 707 1173 arcus
721 1108 831 1173 iisdem
846 1109 993 1193 descripti
1008 1130 1130 1194 semper
1145 1109 1272 1173 suntad
1287 1108 1420 1175 invicem
1433 1111 1468 1174 in
1478 1111 1553 1178 dart

260 1209 313 1281 illt
336 1216 456 1280 ratione
479 1239 609 1281 arcuum
634 1217 662 1281 C
679 1217 754 1282 Bet
770 1216 802 1282 Ο
818 1216 864 1293 Β;
887 1217 927 1302 (¹¹)
943 1229 975 1281 et
989 1229 1156 1305 propterea
1170 1217 1197 1279 si
1211 1228 1374 1279 sumantur
1387 1239 1478 1284 armas
1493 1221 1552 1287 toti

262 1324 348 1403 ΑΒ,
364 1348 384 1389 a
402 1325 430 1391 Β
451 1327 484 1391 in
500 1326 611 1394 eadem
635 1329 765 1406 ratione,
788 1349 921 1413 corpora
942 1327 987 1405 D,
1014 1327 1036 1391 d
1059 1325 1150 1393 simul
1171 1326 1348 1394 describent
1368 1327 1426 1393 bos
1447 1352 1552 1409 erem,

255 2906 288 2959 et
315 2893 348 2956 in
377 2892 453 2956 locis
484 2894 514 2955 Α
540 2902 571 2955 et
596 2914 616 2956 a
640 2901 762 2954 motum
791 2912 919 2955 ornnem
947 2889 1040 2954 simul
1069 2891 1220 2957 amittent.
1266 2895 1447 2965 Isochronoe
1477 2918 1554 2971 sunt

255 3002 350 3090 igitur
376 3001 582 3066 oscillationes
605 3013 745 3078 totae‚.et
765 3000 899 3064 arcubus
920 3000 993 3064 totis
1016 2999 1101 3076 BA,
1127 3000 1190 3064 Ba
1203 3009 1454 3088 proportionales
1477 3027 1553 3078 sunt

255 3133 384 3174 menum
408 3122 511 3195 partes
533 3108 680 3197 quaelibet
696 3108 725 3171 Β
740 3107 784 3186 D,
802 3108 831 3172 B
846 3107 869 3171 d
882 3106 932 3172 vel
948 3107 977 3171 B
993 3106 1033 3184 E,
1051 3106 1112 3173 Be
1128 3131 1199 3192 quae
1213 3111 1306 3176 simul
1321 3114 1551 3185 describuntur.

256 3218 389 3297 Q.e.d.
442 3226 447 3235 “

301 3330 401 3394 Corol.
446 3329 548 3417 Igitur
569 3340 672 3391 motus
698 3323 909 3388 velocissimus
930 3324 963 3387 in
986 3322 1092 3388 medio
1115 3325 1275 3392 resistente
1299 3352 1364 3395 non
1387 3335 1496 3402 incidit
1517 3340 1551 3404 in

254 3450 406 3523 punctum
429 3436 572 3500 infimum
596 3436 635 3511 C,
664 3434 705 3520 (¹)
721 3432 776 3496 aed
791 3432 946 3517 reperitur
961 3431 993 3494 in
1009 3444 1127 3515 puncto
1141 3432 1196 3497 illo
1211 3433 1252 3511 O,
1277 3459 1340 3523 quo
1354 3462 1444 3504 arcus
1467 3456 1550 3509 totus

256 3547 430 3633 descriptus
455 3571 474 3611 a
497 3547 526 3611 B
553 3547 717 3610 bisecatur.
764 3543 807 3607 Et
833 3564 948 3627 corpus
974 3541 1107 3607 subinde
1130 3543 1292 3630 pergendo
1315 3547 1356 3610 ed
1379 3573 1407 3627 a,
1439 3552 1549 3620 iisdem

256 3654 406 3744 gradibus
431 3652 607 3718 retardatur
636 3651 749 3739 quibus
779 3665 870 3714 antee
899 3648 1130 3714 accelerabatur
1159 3649 1192 3711 in
1215 3650 1365 3720 descensu
1390 3679 1448 3721 suo
1474 3686 1493 3725 a
1520 3666 1549 3731 B

256 3766 356 3836 adO.

290 4006 397 4069 (¹)’Et
413 4017 538 4071 propterea.
574 4006 599 4056 Si
617 4015 723 4055 arnmtur
739 4018 806 4053 arcus
823 4003 887 4052 AC
952 4001 988 4066 (Ἴ
1002 4005 1014 4034 ’
1028 4005 1375 4067 Sedrqrm'ttsrr'npunctor'llo
1389 4011 1415 4065 0,
1432 4028 1486 4074 que,
1502 4014 1547 4063 fae.

258 4068 354 4131 aqu-ns
366 4073 386 4117 C
398 4072 427 4127 B,
439 4082 462 4119 et
472 4071 558 4119 deinde
570 4086 637 4119 arcus
647 4071 691 4120 eB
703 4069 851 4118 mmmm-t
864 4067 887 4116 B
920 4066 984 4115 Nem
995 4067 1054 4114 ratio
1064 4066 1213 4115 sciscitatum
1221 4069 1245 4116 in
1253 4069 1335 4117 mediis
1342 4073 1461 4121 resisteme
1467 4086 1491 4124 et
1499 4093 1549 4125 non

257 4128 457 4184 indstbrstione
475 4136 659 4194 onere&
678 4149 775 4196 corpora
795 4132 887 4183 Detd
919 4131 1038 4180 resistente
1054 4141 1089 4179 est
1106 4132 1291 4193 semperesdem
1307 4134 1331 4181 in
1348 4137 1442 4196 puscet
1459 4156 1547 4192 eona.

257 4194 329 4242 simrd
346 4195 475 4245 describent
491 4201 534 4246 hos
552 4216 626 4256 arctus,
645 4210 668 4247 et
686 4199 712 4245 in
728 4198 784 4245 loeis
798 4198 819 4244 Α
832 4208 856 4244 et
871 4213 885 4243 s
917 4195 1072 4257 pandentibus
1083 4206 1111 4242 ut
1121 4195 1170 4242 ind
1183 4207 1207 4244 et
1220 4197 1253 4254 D,
1271 4198 1295 4245 in
1309 4198 1332 4246 0
1344 4210 1368 4247 et
1380 4203 1407 4257 C,
1424 4202 1547 4265 ineetE;

256 4267 349 4306 motum
365 4274 459 4306 ornnem
476 4263 547 4309 simul
563 4264 677 4309 emittent
709 4262 772 4309 Nem
788 4276 844 4308 curn
855 4261 885 4306 sit
917 4259 1066 4320 sedoorporis
1082 4260 1107 4305 in
1123 4260 1200 4308 medio
1219 4277 1267 4308 non
1285 4263 1403 4311 resistente
1422 4268 1549 4318 oscillautis

256 4337 348 4384 anper
359 4338 425 4369 arcus
437 4324 458 4370 C
471 4324 493 4370 E
507 4325 536 4371 sd
550 4326 573 4372 0
584 4342 598 4370 e
608 4337 635 4372 ut
647 4327 668 4373 C
683 4324 745 4372 Bsd
759 4325 782 4371 0
796 4324 826 4379 B,
844 4338 885 4368 seu
917 4324 1025 4370 velocitas
1035 4324 1137 4371 meritus
1148 4335 1182 4371 est
1193 4325 1218 4370 in
1229 4325 1281 4373 loco
1293 4326 1374 4374 infimo
1387 4329 1414 4384 C,
1427 4339 1450 4377 et
1461 4332 1546 4381 iisdem

256 4396 284 4436 ttt
296 4388 318 4436 C
332 4388 353 4434 A
365 4387 395 4434 ed
414 4386 469 4442 Oa,
490 4389 529 4434 ubi
546 4404 613 4435 arcus
626 4390 646 4436 C
659 4389 681 4435 E
693 4387 788 4448 equalis
804 4385 885 4432 credet
918 4389 1029 4449 gradibus
1045 4388 1174 4435 retardetur
1184 4389 1209 4435 in
1220 4405 1322 4445 escensu,
1335 4392 1419 4453 quibus
1430 4405 1499 4444 antee
1509 4414 1548 4445 ae.

256 4451 321 4500 ueni
334 4452 354 4500 C
370 4453 399 4507 Α,
417 4450 456 4497 tlet
467 4467 560 4513 quoque
571 4466 638 4497 arcus
650 4451 673 4499 0
685 4468 699 4496 e
710 4450 806 4512 equalis
821 4449 885 4496 mcui
916 4450 1058 4498 celerabstur
1068 4453 1093 4498 in
1104 4451 1231 4511 descensu;
1252 4470 1323 4516 quere
1338 4467 1415 4503 motus
1432 4459 1548 4509 velocissi.

154 4556 159 4563 ,
257 4512 320 4576 0⁸3
339 4515 427 4578 etquis
438 4526 516 4562 motus
526 4516 550 4562 in
562 4514 640 4561 medio
651 4530 699 4561 non
709 4515 829 4561 resistente
845 4529 885 4560 ex·
917 4529 970 4562 mus
981 4516 1005 4562 ln
1016 4515 1094 4563 medio
1105 4517 1223 4564 resistente
1234 4520 1346 4579 reperitur
1355 4521 1379 4566 in
1390 4521 1420 4576 0,
1432 4524 1548 4575 etiisdem

255 4580 407 4644 tinguimrin
422 4581 453 4637 A,
471 4582 502 4628 ob
520 4579 623 4627 CA:
637 4580 657 4628 C
671 4579 708 4637 B;
725 4577 839 4625 inmedio
850 4593 885 4626 re·
918 4579 1003 4626 deirtds
1022 4580 1132 4643 gradibus
1150 4582 1278 4630 retardatur
1294 4583 1319 4630 in
1335 4600 1441 4643 ascensu,
1460 4590 1549 4653 quibu.

255 4643 512 4709 mentiemur
520 4658 614 4708 queque
629 4644 655 4691 in
670 4659 691 4697 a,
709 4641 885 4705 eoquodrelo-
918 4653 972 4692 ente
982 4645 1152 4695 scoelmbeter
1163 4646 1188 4693 in
1199 4645 1318 4696 dmm

255 4704 882 4769 dmeioloeisffletdmietiedstlredoue·
