3322 5738
127 433 418 513 LrnsuSscuun]
450 432 690 498 PRINCIPIA
713 432 1081 503 MATHEMATICA.
1349 444 1411 508 197

123 601 328 692 quantitatem
349 601 538 685 imprimunt,
564 614 596 666 et
616 600 749 666 vicissim
771 607 842 685 (per
856 601 960 666 motuis
981 602 1084 690 legem
1106 606 1241 686 tertiam)
1255 605 1408 692 aequulem

121 714 162 779 sb
176 714 286 779 cidem
301 714 489 778 motionem
503 715 669 798 potiuntur,
685 713 746 777 hoc
757 725 813 788 ost,
829 713 989 798 aequsliter
997 712 1195 779 resistamus:
1211 714 1408 779 manifestum

121 834 170 886 ost
183 821 275 885 etium
290 821 376 906 quod
391 821 422 884 in
437 820 577 906 ejusdem
590 819 749 884 densitatis
762 819 866 882 fluidis
887 819 1030 897 elusticis,
1053 819 1108 883 ubi
1126 819 1316 883 velocissimi
1338 842 1406 885 mo·

120 942 240 1007 ventur,
263 930 399 1014 aequsles
414 931 475 994 sint
488 951 597 993 eorum
615 927 797 992 resistentis
819 949 912 1012 quum
926 925 1086 1011 proxim&
1109 927 1173 991 sive
1186 926 1283 989 fluidu
1297 926 1350 990 illa
1364 950 1403 992 ex

118 1037 277 1125 particulis
292 1038 494 1102 crassioribus
509 1049 661 1112 constent,
677 1037 742 1099 sive
752 1057 794 1099 ex
803 1036 943 1099 omnium
951 1035 1157 1100 subtilissimis
1166 1036 1403 1099 constituantur.

119 1144 273 1210 Exmedii
284 1145 451 1210 subtilitati„²
460 1145 632 1210 resistentia
642 1142 847 1228 projectilium
857 1143 1184 1225 celerrimdmotomm
1195 1162 1260 1205 non
1270 1140 1402 1207 multum

116 1237 309 1317 diminuitur.

160 1361 259 1423 Corol.
275 1367 306 1422 6.
351 1356 435 1421 Haec
449 1357 554 1420 omnio
568 1358 611 1420 itu
625 1378 660 1420 ss
675 1355 792 1419 haben
805 1356 838 1418 in
852 1356 966 1431 fluidis,
989 1375 1122 1441 quorum
1146 1356 1191 1420 vis
1212 1356 1338 1421 elnstics
1359 1378 1400 1420 cx

115 1467 336 1552 particulorum
359 1466 475 1529 viribus
490 1463 669 1551 centrifugis
684 1463 837 1550 originem
851 1464 946 1528 ducit.
991 1463 1088 1538 Quod
1103 1463 1130 1526 si
1145 1464 1190 1527 vis
1205 1464 1258 1527 illa
1273 1464 1399 1529 uliundc

116 1575 244 1651 oriatur,
267 1573 361 1638 veluti
384 1596 424 1636 ex
444 1572 666 1657 particularum
686 1573 878 1657 expansione
890 1571 933 1635 nd
947 1572 1043 1635 instar
1066 1571 1148 1636 lsnoe
1170 1573 1219 1636 vel
1241 1595 1400 1637 ramorum

117 1685 275 1761 orbomm,
291 1695 345 1747 aut
359 1705 398 1746 ex
414 1682 473 1746 alit
489 1681 597 1768 quivis
611 1680 713 1759 csusd,
735 1681 798 1767 qui
813 1693 915 1745 motus
929 1680 1150 1764 particularum
1170 1682 1250 1746 inter
1272 1704 1305 1745 se
1328 1681 1399 1746 red·

114 1791 230 1857 duntur
250 1791 352 1856 minus
373 1791 479 1855 liberi:
506 1791 689 1866 resistentis,
711 1790 753 1854 ob
767 1792 919 1854 minorem
933 1790 1028 1855 modii
1042 1790 1236 1869 fluiditatem,
1259 1792 1319 1856 crit
1332 1812 1398 1855 ms·

107 1902 160 1986 jor
174 1900 267 1985 quim
281 1900 314 1964 in
329 1898 541 1984 superioribus
556 1897 747 1962 Corollariis.

263 2149 547 2215 ruorosrmo
570 2147 737 2214 xxxm
783 2148 1055 2213 rnsonmsn
1076 2149 1245 2216 xxvnu
1320 2132 1323 2138 ’

110 2342 146 2407 si
156 2341 262 2426 globus
275 2351 305 2405 et
318 2345 469 2426 tylindms
483 2345 647 2428 (squalidis
661 2348 816 2410 diametris
830 2350 982 2430 descripti,
999 2352 1033 2412 in
1047 2354 1143 2416 medio
1156 2376 1231 2418 raro
1244 2378 1281 2418 en
1289 2359 1393 2439 parti·

152 2449 227 2511 culis
239 2449 403 2532 aeqrtolidus
416 2460 446 2513 et
459 2452 503 2514 ud
514 2454 642 2535 aequales
655 2452 694 2515 ab
709 2455 832 2518 inuicem
852 2456 1015 2520 distantius
1036 2456 1129 2521 tibere*
1151 2462 1303 2542 dispositis
1323 2485 1393 2527 con·

150 2566 257 2633 marite,
273 2555 428 2621 secundini
437 2560 562 2644 plagam
576 2563 645 2625 osis
656 2564 796 2647 cylindri,
819 2566 932 2648 aeqrnn·
944 2588 1007 2630 nnn
1021 2569 1177 2632 velocitate
1198 2584 1391 2638 monsontio.-

148 2667 208 2729 crit
222 2667 391 2730 resistentia
402 2669 487 2752 globi
501 2671 593 2752 duplo
607 2671 705 2735 minor
717 2671 806 2756 qndm
819 2677 991 2740 resistentia
1006 2681 1147 2762 ‹ylindri

148 2833 231 2899 Num
252 2835 398 2922 quoniam
421 2838 502 2903 actio
523 2839 618 2905 medii
639 2841 672 2906 in
694 2863 807 2928 corpus
822 2842 929 2911 sudem
946 2861 993 2912 est
1015 2854 1085 2934 (per
1098 2849 1205 2940 legum
1220 2854 1328 2920 Corol.
1345 2857 1389 2939 5.)

105 2944 167 3008 sive
189 2967 302 3030 corpus
323 2947 357 3010 in
379 2948 484 3012 medio
506 2950 681 3035 quiescente
702 2968 871 3033 moveatur,
897 2957 962 3022 sive
985 2960 1079 3024 medii
1100 2963 1261 3046 particulis
1279 2964 1389 3031 eidem

104 3073 176 3114 cum
189 3052 351 3118 velocitate
373 3054 413 3139 (ἱ)
428 3056 602 3143 impingunt
616 3060 647 3122 in
662 3083 776 3146 corpus
790 3065 893 3149 quies-

106 3160 433 3228 censzoousideremus
442 3186 555 3249 corpus
564 3178 711 3253 tanuum
720 3170 890 3257 quiescens,
959 3168 991 3214 ὓ
1067 3170 1105 3216 K
1194 3175 1228 3224 Ν

104 3276 136 3327 et
150 3264 309 3330 videamus
335 3291 398 3354 quo
423 3271 540 3357 impetu
562 3275 725 3362 urgebitur
745 3301 765 3341 a
788 3279 891 3343 medio
1089 3254 1235 3365 Μὴ
1295 3307 1325 3351 n
1359 3301 1380 3349 Ρ

104 3385 257 3435 movente.
301 3375 454 3464 Designet
479 3379 574 3466 igitur
600 3382 757 3451 ABKI
778 3408 891 3471 corpus
1092 3367 1301 3501 av

101 3477 291 3562 sphaericum
305 3497 414 3548 centro
431 3486 458 3550 C
473 3487 716 3556 semi-diametro
732 3493 760 3557 C
775 3496 805 3559 A
821 3495 891 3560 des·
943 3474 965 3517 ¹
1251 3465 1285 3511 n

101 3587 246 3671 criptum,
263 3589 613 3678 stincidsntpnrticulae
626 3599 721 3664 modii
735 3600 806 3666 dati
819 3625 890 3667 curn
973 3563 1049 3722 ι
1089 3508 1200 3729 M

100 3694 261 3758 velocitate
276 3697 309 3759 in
324 3719 437 3783 corpus
459 3701 537 3766 illud
559 3705 758 3788 sphoericum,
781 3732 892 3774 secun·
957 3757 991 3804 a
1186 3757 1212 3804 0

100 3798 176 3864 dum
197 3815 297 3865 rectas
320 3803 471 3888 ipsine
493 3810 671 3893 porsilelssi
697 3815 798 3900 sitque
815 3817 842 3881 F
859 3819 888 3883 B

100 3909 249 3992 ejusmodi
265 3927 358 3978 noctu.
403 3917 441 3980 ln
457 3918 493 3982 ed
508 3922 647 4005 capiatur
673 3924 699 3988 L
717 3924 746 3989 B
768 3927 1013 3992 semi-diametro
1029 3929 1056 3993 C
1074 3926 1253 4013 Boequolis,
1281 3939 1311 3992 et
1326 3927 1385 3993 du·

99 4031 186 4082 catur
203 4021 231 4084 B
246 4023 280 4086 D
294 4047 366 4109 quae
381 4026 536 4111 sphoerum
552 4043 659 4117 tangat
675 4032 706 4094 in
723 4033 760 4097 Β.
806 4035 844 4098 In
863 4035 893 4099 K
912 4037 987 4100 Cet
1004 4038 1032 4100 B
1047 4037 1080 4101 D
1096 4036 1298 4127 demittuntur
1312 4059 1385 4123 per·

100 4126 312 4207 pondiculnres
330 4133 357 4198 B
371 4133 409 4212 E,
427 4134 511 4214 LD,
527 4151 560 4202 et
574 4138 620 4201 vis
634 4138 695 4223 qui
711 4141 862 4223 particulo
877 4143 982 4218 medii,
998 4142 1170 4207 secunddm
1183 4160 1298 4210 rectum
1316 4146 1384 4211 FB

100 4232 223 4319 obliqui
247 4237 423 4318 incidendo,
449 4241 578 4330 globum
600 4242 671 4309 serit
692 4245 724 4309 in
749 4247 787 4324 B,
810 4249 870 4311 erit
884 4249 923 4313 ud
939 4251 1001 4313 vim
1018 4250 1079 4337 qui
1101 4254 1253 4337 particula
1275 4256 1383 4320 eudem

100 4337 273 4422 cylindrum
290 4341 369 4409 ΟΝ
385 4347 418 4413 G
433 4347 467 4426 Q
481 4371 540 4415 sxe
556 4352 586 4415 Α
604 4351 632 4416 C
649 4350 665 4415 I
680 4352 762 4416 circs
783 4354 912 4441 globum
935 4356 1124 4444 descriptum
1146 4362 1383 4447 peqiondiculu·

247 4525 344 4627 Ἣ
363 4519 389 4564 in
407 4534 490 4580 corpu
510 4525 636 4583 quiescens.
675 4523 725 4572 Es·
758 4526 909 4575 manifestum
929 4538 965 4577 ssi
985 4545 1027 4591 pes
1047 4531 1124 4606 mutu
1144 4533 1190 4593 teg.
1212 4533 1311 4594 8.φίι
1330 4531 1384 4579 sot

342 4585 726 4661 uoqweuuveloeitssmpse-
758 4590 1384 4659 domnamant-amenissimum

99 4509 278 4647 uoiiieiniimm

96 4645 158 4748 Ἄ
178 4640 423 4772 mgni&
443 4645 728 4779 amizonis&
756 4652 997 4781 monuerim,
1013 4657 1384 4720 nouoque-annuum

217 4812 227 4835 ι
717 4798 772 4849 Ns
