3322 5738
322 449 383 506 1ao
622 437 959 506 nnnosornus
983 390 1253 504 uarunums
1315 436 1427 517 [uos.
1444 433 1598 500 corma

213 582 242 697 ἰ
316 607 455 672 deranda
468 607 561 684 venit,
578 607 619 671 sit
632 607 673 670 ad
687 608 890 672 resistentiam
906 607 1043 692 ejusdem
1059 604 1188 690 penduli
1203 605 1305 679 totius,
1328 602 1438 666 eadem
1453 624 1527 666 cum
1548 624 1603 665 ve·

314 714 437 779 locitate
460 716 492 777 in
519 719 590 778 a'e're
613 715 791 790 oscillantis,
819 716 858 799 (¹¹)
874 727 910 778 ut
924 723 987 779 850
1002 713 1042 777 ad
1060 722 1073 777 l
1092 713 1224 787 circiter,
1250 710 1311 773 boc
1325 720 1381 784 est,
1408 721 1444 772 ut
1458 708 1600 773 densitas

315 843 405 906 aquae
419 820 459 884 ad
474 820 659 885 densitatem
673 823 752 885 aie'ris
766 821 1012 906 quamproxime.

358 929 398 995 In
418 929 480 992 hoc
501 929 620 993 calculo
643 930 723 993 sumi
744 953 868 1016 quoque
889 931 1017 995 deberet
1037 952 1110 1014 pars
1131 928 1183 991 illa
1208 926 1391 991 resistentiae
1415 923 1544 1008 penduli
1569 924 1602 986 in

316 1035 407 1120 aqui,
424 1056 495 1119 quae
509 1049 590 1098 esset
604 1046 640 1098 ut
653 1035 839 1122 quadratum
853 1036 1032 1113 velocitatis,
1049 1035 1103 1100 sed
1120 1032 1217 1119 (quod
1228 1032 1340 1094 mirum
1352 1031 1432 1094 forte
1443 1029 1600 1110 videntur)

318 1140 492 1204 resistentia
513 1141 545 1203 in
563 1164 643 1226 aqua
664 1141 835 1228 augebatur
855 1143 888 1204 in
910 1142 1028 1206 ratione
1050 1141 1217 1205 velocitatis
1242 1141 1406 1225 plusquam
1431 1138 1599 1223 duplicati.

318 1249 395 1333 Ejus
410 1248 455 1311 rei
477 1269 601 1310 causam
623 1248 848 1334 investigando,
874 1248 907 1310 in
928 1248 1010 1311 hanc
1030 1247 1135 1323 incidi,
1155 1245 1240 1332 quod
1260 1245 1446 1310 arcanimis
1466 1258 1599 1331 angusta

318 1370 400 1421 esset
414 1379 472 1441 pro
486 1357 699 1444 magnitudine
720 1358 806 1444 globi
827 1357 965 1441 penduli,
990 1371 1022 1421 et
1043 1368 1162 1420 motum
1185 1376 1274 1440 aquae
1299 1353 1436 1418 cedentis
1458 1375 1527 1437 prae
1543 1375 1600 1415 an·

316 1465 418 1551 gustii
434 1463 489 1528 sui
504 1467 595 1529 nimis
615 1466 813 1551 impediebat.
858 1466 941 1528 Nam
963 1467 990 1528 si
1011 1465 1125 1551 globus
1147 1461 1311 1548 pendulus,
1338 1463 1425 1546 cujus
1447 1462 1600 1526 diameter

315 1583 382 1634 erat
391 1570 480 1657 digiti
492 1572 593 1648 unius,
604 1572 839 1658 immergeretur
847 1594 856 1646 3
872 1570 1046 1634 resistentia
1061 1569 1241 1656 augebatur,
1257 1569 1293 1631 in'
1304 1567 1460 1652 duplicati
1476 1570 1597 1632 ratione

314 1677 484 1740 velocitatis
500 1698 593 1761 quam
608 1675 760 1759 proxime.
805 1675 844 1739 Id
859 1677 1015 1741 tentabam
1032 1675 1240 1740 construendo
1254 1673 1426 1757 pendulum
1441 1696 1482 1737 ex
1496 1674 1599 1760 globis

317 1784 450 1861 duobus,
466 1806 598 1869 quorum
615 1785 740 1849 inferior
754 1800 785 1849 et
799 1786 901 1848 minor
916 1785 1108 1850 oscilla1·etur
1121 1787 1153 1848 in
1168 1785 1258 1870 aqui,
1285 1785 1426 1868 superior
1447 1799 1480 1849 et
1500 1785 1601 1869 major

317 1888 461 1974 proximi
483 1912 577 1973 supra
591 1913 703 1975 aquam
717 1892 772 1954 filo
786 1892 897 1955 affixus
919 1905 1009 1968 esset,
1035 1906 1067 1956 et
1088 1892 1120 1954 in
1142 1895 1213 1955 a'ere
1235 1891 1415 1968 oscillando,
1439 1891 1601 1976 adjuvaret

316 2007 437 2059 motum
451 1996 579 2078 penduli
595 2019 726 2082 eumque
742 1997 968 2061 diuturniorem
983 1997 1138 2062 redderet.
1184 1997 1405 2080 Experimenta
1420 2009 1524 2061 autem
1539 1996 1601 2060 hoc

317 2103 413 2167 modo
427 2103 566 2167 instituta
580 2126 613 2168 se
626 2105 784 2170 habebant
796 2120 832 2170 ut
850 2108 887 2191 (“)
903 2106 936 2171 in
949 2106 1056 2171 tabuli
1072 2121 1219 2193 sequente
1234 2107 1427 2171 describitur.

414 2279 510 2342 Arcus
524 2257 665 2344 descertsu
669 2284 773 2363 primo
787 2283 950 2364 desmptus
988 2290 1027 2346 16
1073 2292 1091 2346 8
1157 2291 1177 2344 4
1252 2289 1271 2344 2

412 2384 509 2447 Arcus
524 2408 644 2449 ascensu
660 2389 765 2449 ultimo
782 2388 945 2469 descriptus
984 2395 1022 2449 12
1067 2396 1087 2450 6
1153 2397 1171 2450 8
1255 2395 1267 2448 1

412 2490 968 2577 Arcuumdrffmotuiamissoproport.
1006 2504 1025 2556 4
1071 2500 1090 2554 2
1152 2501 1164 2554 1

415 2598 563 2662 Numerus
577 2600 793 2664 cavillationum

359 2787 558 2853 Conferendo
574 2791 760 2855 resistentias
775 2791 949 2855 mediorum
964 2791 1044 2854 inter
1059 2813 1102 2867 se,
1125 2790 1213 2854 effeci
1231 2791 1323 2853 etiam
1339 2802 1374 2852 ut
1387 2788 1526 2872 pendula
1541 2787 1602 2852 fer·

314 2916 367 2959 rea
389 2896 604 2962 oscillarentur
619 2900 651 2962 in
666 2912 797 2984 argento
811 2899 889 2963 vivo.
935 2900 1115 2986 Longitudo
1130 2899 1174 2962 fili
1190 2901 1281 2963 ferrei
1292 2912 1359 2962 erat
1373 2898 1489 2982 pedum
1511 2899 1603 2984 quasi

315 3000 419 3076 trium,
435 3014 467 3064 et
481 3001 631 3066 diameter
644 3003 730 3089 globi
746 3003 873 3087 penduli
888 3005 976 3088 quasi
992 3004 1081 3067 tertia
1095 3025 1167 3086 pars
1182 3003 1278 3089 digiti.
1324 3003 1377 3066 Ad
1392 3002 1482 3065 filum
1495 3015 1602 3067 autem

313 3107 457 3189 proxime
472 3131 565 3193 supra
580 3110 766 3173 mercurium
783 3110 893 3174 affixus
908 3123 974 3174 erat
987 3109 1099 3196 globus
1114 3109 1191 3173 alius
1205 3108 1368 3192 plumbeus
1380 3108 1453 3174 satis
1467 3132 1602 3197 maguus

317 3214 357 3277 ad
373 3228 490 3279 motum
506 3216 633 3300 penduli
648 3217 764 3281 diutius
779 3216 1032 3282 continuandum.
1077 3215 1162 3280 Tum
1177 3215 1345 3293 vasculum,
1362 3215 1447 3302 quod
1459 3216 1603 3299 capiebat

315 3321 404 3404 quasi
420 3320 516 3384 libras
532 3335 594 3386 tres
609 3324 729 3409 argenti
751 3325 821 3401 vivi,
845 3323 1012 3406 implebam
1034 3321 1153 3385 vicibus
1174 3321 1300 3386 alternis
1322 3334 1453 3408 argento
1478 3323 1550 3384 vivo
1571 3336 1602 3384 et

218 3426 228 3453 ⁸
315 3425 393 3512 aqui
406 3430 572 3505 communi,
596 3442 631 3493 ut
646 3429 783 3513 pendulo
798 3431 830 3493 in
845 3428 942 3491 fluido
957 3442 1089 3513 utroque
1104 3426 1274 3492 successivd
1290 3427 1458 3504 oscillante,
1482 3426 1601 3490 inveni·

315 3556 381 3597 rem
396 3537 630 3618 proportionem
646 3539 903 3612 resistentiamm3
919 3548 951 3600 et
965 3536 1081 3620 prodiit
1096 3536 1271 3600 resistentia
1285 3537 1406 3626 argenti
1419 3538 1482 3601 vivi
1496 3537 1539 3600 ad
1553 3559 1602 3601 re·

315 3641 486 3705 sistentiam
502 3665 592 3727 aquae
607 3656 642 3706 ut
659 3653 697 3708 13
713 3644 761 3707 vel
780 3653 818 3706 14
834 3643 874 3707 ad
891 3652 904 3706 l
924 3642 1061 3706 circiter:
1085 3642 1118 3705 id
1133 3654 1189 3718 est,
1205 3655 1240 3705 ut
1254 3641 1389 3706 densitas
1404 3643 1526 3729 argenti
1542 3642 1601 3705 viri

313 3749 354 3814 ad
369 3749 554 3813 densitatem
569 3773 669 3835 aquae.
715 3750 781 3815 Ubi
795 3750 923 3836 globum
938 3747 1108 3833 pendulum
1123 3748 1217 3831 paulo
1231 3750 1380 3832 majorem
1401 3748 1601 3827 adhibebam,

316 3855 392 3940 puti
414 3858 501 3941 cujus
524 3855 675 3921 diameter
689 3869 769 3920 esset
784 3855 872 3942 quasi
888 3859 905 3934 ᾖ
921 3854 970 3918 vel
986 3857 1004 3934 ζ
1019 3866 1123 3938 partes
1137 3854 1236 3939 digiti,
1260 3853 1406 3938 prodibat
1428 3853 1602 3918 resistentia

315 3964 435 4049 argenti
449 3964 511 4027 vivi
525 3965 558 4027 in
573 3963 609 4027 ei
625 3963 745 4047 ratione
759 3963 799 4025 ad
815 3960 1019 4057 resistentiam
1033 3982 1132 4045 aquae,
1156 3981 1250 4045 quam
1271 3958 1365 4022 habet
1386 3981 1537 4024 numerus
1562 3967 1601 4023 12

348 4174 385 4235 (“)
398 4179 411 4205 ·
429 4179 530 4226 171850.
544 4182 575 4226 od
589 4186 599 4226 1
612 4182 710 4228 dream
746 4177 771 4226 Si
790 4176 853 4224 enim
875 4174 942 4222 ruir-
974 4188 1029 4222 casu
1040 4187 1188 4236 unoquoque,
1207 4181 1230 4219 ct
1241 4170 1515 4233 prodnontdifferenri·
1527 4172 1553 4218 io
1564 4188 1600 4218 os-

315 4235 389 4285 tentis
399 4237 431 4283 fili
443 4251 542 4298 ponamr
558 4252 585 4289 ut
601 4242 670 4304 cupri
686 4243 774 4290 sactum
788 4251 830 4297 cst,
847 4239 943 4300 aqualis
974 4237 1090 4284 cillstione
1101 4237 1149 4284 uni
1160 4236 1269 4283 mediocri
1283 4240 1600 4294 1.1851;oaors;.oaar;

316 4299 390 4348 tertie
408 4303 469 4360 pani
486 4305 620 4351 resistentia
638 4306 710 4353 totius
722 4306 746 4351 in
758 4306 818 4359 atre,
836 4305 879 4349 erit
893 4302 943 4348 sere
974 4306 1169 4360 .oass;,.0073;
1187 4305 1275 4357 .002³;
1295 4306 1369 4348 .0010
1386 4315 1439 4362 que
1456 4309 1512 4346 nint
1530 4315 1602 4362 (μω

316 4364 445 4411 resistentia
461 4366 555 4425 penduli
567 4367 592 4413 in
603 4368 663 4430 aqui
674 4368 704 4416 ad
722 4370 774 4432 ejus
790 4365 942 4414 resistentiam
975 4363 1080 4426 proximi
1090 4374 1118 4412 ut
1127 4364 1237 4425 quadrata
1249 4363 1403 4420 velocitatem,
1415 4363 1463 4409 sive
1475 4374 1501 4409 ut
1512 4368 1558 4422 ¹⁶3
1569 4371 1603 4420 ⁴3

317 4451 390 4490 im
408 4441 432 4487 n
447 4428 942 4511 emersu-,turbam
976 4430 1264 4514 renstfflssn
1279 4443 1404 4507 majoribus
1419 4442 1602 4490 6661666666

318 4520 494 4575 urraisida,
515 4533 539 4568 a
558 4527 620 4571 aeis
634 4529 659 4580 χ
673 4510 743 4591 ⁶¹ii
754 4522 784 4571 su
795 4528 810 4570 4
823 4530 849 4581 χ
862 4510 941 4591 4339„
974 4517 1062 4563 priore
1073 4506 1136 4552 enim
1147 4508 1248 4581 unuin·
1259 4517 1314 4582 ‘¹¹¹3‘
1331 4506 1436 4583 prosint
1452 4507 1601 4581 quendum

316 4595 344 4632 ua
356 4583 445 4634 amad
458 4591 468 4632 1
483 4585 579 4632 circiter,
973 4565 1023 4613 im
1031 4567 1163 4630 quadrupli,
1181 4585 1205 4616 ιιι
1216 4573 1408 4618 minonbusrcro
1418 4570 1602 4618 mutatorum

350 4648 672 4712 (0)·1666661669666.
710 4653 816 4699 amum
833 4651 941 4700 meen-
974 4631 1130 4690 mm·
1148 4633 1241 4682 termini
1257 4632 1448 4684 maumam
1465 4634 1559 4682 atione
1573 4633 1600 4682 d

318 4710 357 4757 a·
375 4712 507 4761 dividantur
524 4728 566 4774 per
583 4729 707 4762 nummum
728 4715 899 4765 udilsnonum
917 4715 942 4763 in
973 4705 1101 4756 '‘qumi‘'-
