3322 5738
201 420 264 476 214
519 409 863 478 PHILOSOPHIAE
884 413 1156 480 NATURALIS
1200 414 1312 496 [Mor.
1328 415 1487 484 Coun

196 612 261 656 non
276 602 378 676 potest
392 591 582 657 descendere
595 591 656 654 nisi
670 589 869 674 impediendo
890 590 1073 654 descensum
1095 612 1184 676 aquae
1206 590 1333 656 alterius
1351 592 1488 658 descen·

196 699 244 761 sui
255 721 312 762 suo
321 699 482 785 aequalem.
517 698 637 762 Eadem
651 698 697 761 ris
712 697 844 761 eandem
858 719 948 782 aquae
962 695 1114 761 effluentis
1125 697 1318 763 velocitatem
1328 723 1487 787 genem

195 806 301 979 debSlitd
316 915 454 978 foramen
469 916 503 978 in
516 914 614 978 fundo
628 917 717 992 rasis,
733 927 863 999 propter
876 914 1019 1001 obliquos
1034 929 1137 980 motus
1151 915 1375 1001 particularum
1391 938 1487 1004 aqum

193 1019 362 1097 effluentis,
380 1020 475 1103 paulo
490 1022 588 1105 majus
603 1043 670 1084 esse
684 1020 779 1085 debet
792 1019 886 1106 quaint
900 1022 997 1105 prius.
1042 1023 1090 1107 (¹²¹)
1107 1022 1190 1085 Nam
1210 1022 1373 1105 particulae
1388 1046 1486 1110 aquae

187 1129 254 1212 jam
269 1149 334 1190 non
349 1140 510 1191 transeunt
524 1148 633 1190 omnes
653 1126 867 1210 perforamen
888 1127 1205 1211 perpendiculariter;
1227 1127 1283 1190 sed
1298 1150 1318 1191 a
1330 1127 1485 1194 lateribus

191 1234 273 1297 rasis
290 1234 427 1319 undique
441 1233 631 1296 confluentes
647 1244 679 1296 et
693 1233 726 1295 in
740 1232 880 1296 foramen
902 1246 1135 1320 eonvergentes,
1162 1233 1294 1319 obliquis
1317 1248 1486 1301 transeunt

190 1318 344 1414 motibus3
368 1353 400 1402 et
421 1360 546 1401 cursum
568 1360 658 1401 suum
680 1339 826 1401 deorsum
846 1338 1006 1403 flectentes
1028 1341 1062 1402 in
1082 1361 1193 1403 venam
1209 1363 1299 1426 aquoe
1321 1342 1483 1408 exilientis

190 1447 379 1530 conspirant,
407 1467 477 1531 quae
499 1445 609 1508 exilior
630 1458 678 1509 est
696 1445 791 1528 paulo
813 1445 895 1509 infra
917 1446 1057 1510 foramen
1077 1446 1169 1533 qudm
1185 1448 1217 1510 in
1231 1449 1299 1532 ipso
1313 1450 1481 1532 foramine,

189 1555 343 1618 existente
364 1555 430 1636 ejus
456 1551 608 1614 diametro
627 1549 669 1613 ad
690 1550 875 1614 diametrum
888 1551 1047 1614 foraminis
1069 1567 1104 1616 nt
1119 1563 1138 1617 5
1155 1554 1194 1617 ad
1210 1564 1240 1630 6,
1257 1555 1305 1619 rel
1321 1562 1362 1638 δὲ
1380 1559 1423 1622 ad
1438 1564 1482 1643 63

188 1659 450 1747 quamproxime,
467 1660 493 1722 si
509 1656 604 1721 modii
620 1657 786 1720 diametros
800 1656 884 1721 recte
899 1657 1057 1722 dimenstn
1072 1681 1152 1722 sum.
1198 1661 1352 1727 Parabam
1371 1668 1484 1753 utique

187 1768 335 1831 laminam
360 1768 485 1851 planam
514 1779 697 1850 pertenuem
717 1766 751 1828 in
775 1763 879 1828 medio
907 1766 1105 1850 perforatam,
1136 1770 1286 1836 existente
1316 1775 1483 1840 circularis

187 1873 347 1936 foraminis
362 1873 514 1936 diametro
527 1873 663 1955 partium
678 1872 815 1957 quinque
837 1885 1015 1935 octavarum
1036 1873 1135 1961 digiti.
1181 1875 1224 1939 Et
1236 1899 1277 1939 ne
1290 1901 1372 1943 vena
1387 1905 1483 1967 aquae

188 1979 352 2056 exilientis,
379 1978 521 2042 cadendo
543 1978 767 2042 acceleraretur
788 1989 821 2041 et
843 1979 1068 2042 acceleratione
1094 1980 1277 2045 redderetur
1302 1990 1481 2072 angustior,

186 2088 268 2152 hanc
283 2090 430 2152 laminam
444 2111 509 2152 non
523 2088 621 2152 fundo
632 2086 688 2152 sed
703 2087 793 2151 lateri
807 2087 887 2150 vasis
898 2088 983 2151 effixi
997 2088 1052 2164 sic,
1068 2101 1103 2151 ut
1117 2111 1196 2152 vena
1210 2089 1262 2153 illa
1272 2094 1482 2177 egrederetur

186 2199 356 2264 secundiiin
371 2199 483 2261 lineam
499 2196 652 2261 horizonti
666 2195 858 2279 parallelam.
904 2194 989 2258 Dein
1005 2195 1059 2258 ubi
1074 2218 1127 2258 vas
1142 2196 1220 2281 aquai
1236 2196 1364 2279 plenum
1382 2217 1478 2280 esset,
1518 2242 1527 2255 -

185 2309 293 2393 aperui
315 2308 453 2371 foramen
470 2319 505 2370 ut
519 2329 600 2392 aqua
614 2304 768 2380 efflueret;
792 2316 824 2367 et
837 2325 926 2368 venae
940 2303 1100 2380 diameter,
1124 2305 1165 2367 ad
1186 2305 1363 2370 distantiam
1387 2315 1480 2395 quasi

186 2417 307 2482 dimidii
323 2417 411 2504 digiti
426 2440 446 2479 a
459 2392 611 2480 foramine
624 2413 718 2499 qudm
733 2411 961 2478 accuratissime
982 2428 1169 2493 mensurata,
1197 2416 1313 2499 prodiit
1334 2422 1479 2502 partium

184 2525 294 2611 viginti
308 2537 340 2586 et
354 2523 446 2586 unius
461 2520 766 2608 quadragesimarum
782 2520 880 2606 digiti.
925 2521 965 2605 (⁹)
983 2519 1060 2583 Erat
1075 2521 1169 2608 igitur
1183 2521 1333 2588 diameter
1344 2525 1479 2590 forami-

220 2739 260 2798 (¹³)
280 2744 291 2769 ⁸
311 2743 377 2788 Nam
395 2743 517 2804 portimta
538 2757 613 2803 aquo,
638 2740 680 2786 &a
717 2738 809 2785 Clariss.
843 2737 977 2786 acceleratio
988 2738 1255 2802 motusquaomm'bus
1264 2743 1476 2806 gmrt'buseadn-

188 2788 275 2850 Daniel
298 2804 448 2852 Bernoullius
466 2819 556 2864 paragr.
570 2809 592 2849 ³.
614 2803 674 2849 Secl.
690 2802 737 2847 lv.
757 2802 812 2862 Hy·
843 2803 905 2849 tibus
920 2804 1051 2850 oommunis
1062 2814 1104 2860 est,
1115 2813 1139 2851 et
1149 2803 1196 2867 qui
1207 2805 1233 2852 fit
1244 2816 1270 2853 ut
1280 2807 1356 2869 major
1366 2809 1397 2856 sit
1408 2809 1476 2858 relo-

185 2863 357 2926 drodynamicoe
363 2869 491 2912 observarit
499 2866 622 2925 particulas
630 2880 689 2911 eme
697 2865 812 2924 Hispani·
844 2866 900 2912 citas
909 2881 977 2927 aqute
988 2868 1011 2912 in
1022 2866 1074 2914 loco
1084 2868 1184 2914 interiori
1195 2885 1209 2916 e
1219 2869 1233 2915 f
1239 2869 1310 2931 quim
1319 2871 1344 2916 in
1351 2874 1476 2932 superiore

185 2942 220 2974 ete
230 2929 296 2989 aquis
306 2930 438 2976 innatantes
449 2927 481 2974 iu
490 2944 545 2975 cum
553 2928 613 2990 aqui
622 2929 645 2974 in
655 2929 809 2982 memorari,
844 2929 867 2974 Ε
882 2928 915 2985 1¹³5
932 2930 987 2991 quia
1002 2931 1064 2976 enim
1080 2946 1165 2993 aquam
1180 2933 1263 2980 esseio
1274 2944 1336 2981 statu
1348 2949 1473 2994 manente,

186 2999 213 3037 ut
222 3006 276 3052 quis
287 2992 406 3037 foraminis
416 3002 496 3038 centro
506 2993 661 3045 Cimminent,
674 3006 715 3051 per
726 2990 811 3037 lineam
843 2991 985 3054 eandemque
1001 2993 1097 3052 proinde
1109 2994 1178 3056 (stt)
1190 2996 1253 3043 illius
1262 2998 1418 3058 quantitatem
1431 3017 1476 3061 per

185 3054 317 3101 satiatem
336 3055 363 3101 Η
378 3056 409 3111 G,
428 3055 576 3114 daoendam,
595 3055 646 3101 aliie
662 3053 715 3102 rard
731 3069 812 3101 otnnes
843 3055 955 3102 sectiones
976 3057 997 3103 E
1016 3057 1076 3105 Fet
1090 3058 1131 3110 ef.
1151 3059 1232 3106 eodem
1251 3070 1356 3121 tempore
1374 3063 1475 3113 effluere

842 3119 1001 3178 supponimus,
1013 3122 1084 3168 sectio
1094 3137 1108 3168 e
1119 3121 1133 3167 f
1139 3132 1174 3169 est
1184 3123 1214 3170 ad
1223 3125 1349 3171 medonem
1369 3127 1392 3174 E
1408 3128 1429 3175 1³
1446 3129 1473 3177 in

842 3184 931 3229 ratione
949 3183 1074 3231 velocitatis
1092 3200 1159 3247 aquia
1177 3187 1201 3232 in
1218 3187 1270 3235 looo
1287 3189 1309 3235 E
1324 3189 1351 3244 F,
1371 3192 1401 3238 ad
1418 3195 1474 3256 ejtta

844 3245 987 3292 velocitatem
1003 3248 1027 3292 in
1043 3247 1095 3295 loco
1110 3249 1148 3295 ef
1156 3250 1225 3312 (271)
1236 3251 1324 3299 etided
1340 3255 1414 3302 sectio
1425 3259 1470 3311 ef,

841 3436 880 3482 hie
896 3435 1025 3483 considerat
1043 3437 1179 3496 Neritonua,
1199 3392 1374 3504 mfflm
1390 3448 1472 3495 mettis

840 3499 1005 3558 particularum
1017 3516 1129 3561 aquteper
1140 3502 1212 3550 lineas
1223 3504 1284 3562 PE,
1295 3521 1310 3567 q
1321 3506 1350 3564 F,
1362 3509 1393 3555 ad
1403 3511 1470 3558 ἰαι-

840 3576 895 3608 meo
908 3562 930 3609 E
942 3562 962 3608 1³
973 3563 1133 3622 tendentium
1150 3565 1205 3614 hinc
1216 3568 1278 3615 enim
1291 3569 1324 3626 ft,
1337 3582 1365 3618 ut
1376 3574 1471 3622 seclusi

838 3625 909 3672 etiam
919 3627 984 3672 omni
994 3627 1156 3676 acceleratione
1168 3631 1246 3678 motuis
1255 3649 1271 3678 a
1280 3635 1397 3695 gravitate
1407 3638 1469 3694 orti,

838 3689 956 3748 particulas
975 3706 1040 3751 aqua
1057 3705 1203 3755 convergunt,
1223 3710 1355 3758 venamque
1373 3712 1469 3750 oentn.

837 3752 901 3809 hant,
911 3763 980 3814 atque
991 3752 1043 3801 ideo
1054 3765 1145 3802 motum
1156 3773 1225 3804 suum
1236 3759 1372 3809 secelerent.

869 3837 905 3900 (¹)
923 3842 936 3867 ⁶
955 3841 1017 3887 Erat
1035 3842 1107 3901 quur
1123 3845 1232 3892 diameter
1243 3847 1378 3909 foraminis
1395 3853 1471 3913 injus

784 3954 786 3958 ¹
836 3903 954 3950 matare
965 3906 996 3949 od
1004 3906 1142 3953 diametrum
1152 3923 1214 3955 oenae
1225 3918 1253 3956 ut
1262 3915 1293 3957 25
1303 3915 1336 3958 od
1343 3918 1372 3959 21
1382 3933 1470 3977 quom-

832 3964 943 4025 mwimd.
979 3966 1040 4014 Hec
1059 3969 1117 4015 ratio
1136 3970 1161 4015 in
1177 3972 1340 4031 experimentis
1357 3989 1472 4027 constans

836 4026 885 4075 tert
900 4039 985 4086 manet,
1003 4031 1021 4076 si
1033 4045 1093 4091 aqua
1103 4047 1117 4078 e
1128 4048 1180 4080 rase
1190 4035 1245 4081 satis
1260 4038 1341 4096 amplo
1358 4055 1399 4099 per
1415 4044 1469 4089 exi.

836 4105 911 4152 guum
927 4092 1031 4140 foramen
1051 4094 1144 4142 luninae
1162 4098 1303 4145 tenuissime
1319 4101 1471 4164 insculptum

838 4153 924 4212 diluat,
941 4156 995 4204 lieet
1005 4157 1029 4203 in
1041 4173 1093 4206 vase
1107 4171 1210 4208 mutetur
1225 4177 1292 4224 aquai
1302 4163 1415 4214 foramini
1434 4171 1471 4217 in-

837 4220 968 4266 cumbentis
978 4221 1083 4268 altitudo.
1120 4224 1287 4283 Experimenta
1297 4228 1338 4274 illa
1350 4231 1471 4282 iteramot

837 4279 979 4329 celeberrimi
989 4286 1152 4344 mathematici,
1170 4289 1278 4336 Marchio
1291 4292 1397 4341 Poienus
1411 4296 1469 4345 Lib.

182 4335 292 4399 utrinque
307 4334 387 4395 positae
402 4347 468 4384 motu
484 4338 531 4385 fere
548 4341 646 4388 rettiosli
665 4344 806 4394 descendant
837 4343 867 4391 de
888 4345 993 4393 Casteliis
1010 4358 1033 4394 et
1052 4349 1137 4397 Daniel
1157 4352 1308 4401 Bernoullius
1331 4357 1393 4405 Sect.
1419 4360 1468 4408 IV.

182 4400 287 4463 primum
304 4414 346 4459 per
364 4399 436 4445 lineas
452 4415 509 4459 mp.
527 4417 543 4447 n
554 4417 576 4463 q,
593 4405 641 4451 sere
657 4406 686 4453 ad
703 4409 804 4456 fundum
839 4406 1059 4470 Hydrodynamicae.
1087 4413 1149 4461 Hac
1157 4426 1212 4462 sunt
1223 4417 1305 4464 illustr.
1318 4419 1473 4472 Mareliionis

181 4479 256 4528 usqae
270 4463 290 4511 C
303 4463 335 4519 D,
353 4471 450 4522 tumque
465 4478 559 4508 cursum
573 4482 642 4512 suum
654 4485 732 4518 rusus
742 4473 802 4519 fora·
836 4473 904 4518 verba
915 4488 967 4533 pag·
978 4480 1018 4521 58.
1027 4481 1067 4526 39.
1087 4482 1103 4506 ‘⁴
1118 4478 1222 4526 Proclire
1232 4491 1311 4527 autem
1322 4484 1368 4530 erit
1379 4485 1472 4535 intelli·

181 4543 236 4576 men
250 4528 272 4576 B
287 4526 434 4587 Bperlineas
449 4525 467 4571 P
481 4525 511 4581 E,
523 4541 538 4586 q
552 4527 664 4577 Faensim
677 4533 800 4583 inflectant.
835 4548 897 4596 gere,
910 4536 1039 4584 confirmari
1051 4555 1079 4586 es
1090 4539 1165 4588 allatis
1175 4544 1339 4602 experimentis
1350 4550 1472 4599 rationem

183 4591 267 4655 Inque
278 4607 337 4639 sena
352 4605 419 4651 aque
435 4590 549 4636 exilientis
562 4592 583 4638 Ε
597 4593 616 4639 F
628 4595 640 4639 f
648 4597 758 4656 edupiiei
774 4599 804 4645 de
836 4597 896 4644 inter
915 4598 1038 4648 diametros
1053 4604 1194 4652 foraminum
1210 4616 1234 4654 et
1251 4622 1319 4669 aqua
1339 4623 1472 4663 eontraeta

182 4655 404 4704 αηῇωῃιηὴίωῐ
420 4668 492 4715 nsque
508 4653 728 4715 inefpsuloinfra
744 4662 804 4708 fora·
836 4660 960 4709 diametros
977 4680 992 4711 a
1010 4667 1059 4712 viro
1076 4683 1170 4716 summo
1188 4669 1269 4717 lusco
1293 4673 1424 4731 Netrtono,
1444 4688 1473 4727 ut

182 4731 238 4766 meu
250 4720 273 4767 E
287 4719 313 4768 F.
350 4717 429 4767 Prima
445 4717 606 4769 connectionis
616 4720 680 4768 illius
690 4733 805 4772 causaest
835 4724 890 4772 mse
900 4724 1008 4784 diaimtu,
1025 4728 1180 4783 comitatam
1216 4733 1273 4783 Non
1283 4745 1366 4786 umes
1376 4739 1472 4791 inflo-
