3322 5738
190 457 235 513 is
459 441 841 530 euuosoeuffl
864 438 1134 506 urstisius
1198 437 1486 523 mosum„

449 716 733 784 PROPOSITIO
756 716 814 781 VI.
859 715 1130 782 THEOREMA
1152 714 1211 780 1v.

194 897 328 976 Corpora
343 893 489 975 spherica
503 893 679 975 homogenea
694 899 723 953 et
736 891 876 974 equatio,
892 891 1069 952 resistentiis
1083 891 1116 951 in
1127 885 1283 972 duplicati
1293 890 1418 953 ratione
1427 911 1477 955 oe·

233 999 384 1061 locitotum
400 999 553 1078 impedito,
568 1005 598 1059 et
610 998 681 1060 solis
695 997 809 1060 viribus
829 998 930 1058 insitis
950 997 1089 1071 incitato,
1115 995 1294 1077 temporibus
1315 1016 1385 1078 quae
1405 1007 1475 1060 stou

233 1102 382 1188 reciproci
395 1116 429 1168 ot
443 1108 612 1168 velocitates
632 1104 685 1168 sub
707 1107 806 1181 initio,
829 1105 1001 1168 describunt
1020 1127 1132 1188 semper
1153 1107 1284 1188 oeqrrotio
1305 1108 1422 1188 spatii
1444 1117 1475 1170 et

233 1219 374 1279 amittunt
382 1226 488 1298 partes
502 1217 688 1278 velocitatem
696 1215 941 1296 proportionales
951 1216 1030 1278 totis.

234 1388 426 1473 Asymptotis
437 1386 624 1473 rectungulis
637 1385 718 1462 cI),
733 1385 807 1449 CH
846 1438 881 1492 Η

189 1496 342 1579 descripti
358 1493 528 1580 hyperbolis
544 1493 652 1579 quivis
670 1492 731 1557 Bb
745 1493 773 1556 E
791 1516 809 1556 e

189 1616 311 1666 secante
341 1600 564 1686 perpuidiculs
601 1602 631 1663 A
657 1600 695 1677 Β,
726 1622 745 1665 a
773 1600 805 1676 b,

191 1709 225 1773 D
238 1710 276 1785 E,
292 1710 353 1785 de,
364 1710 397 1771 in
410 1709 449 1785 B,
459 1709 490 1785 b,
506 1708 545 1784 Ε,
558 1729 585 1784 e,
602 1709 638 1790 (¹)
650 1728 809 1790 exponan-

189 1828 242 1880 tur
256 1817 433 1881 velocitates
448 1816 579 1881 initiales
604 1838 662 1899 per
676 1837 809 1900 perpen-

189 1923 293 1988 dicula
319 1927 349 1988 A
366 1925 404 2001 B,
420 1925 454 1989 D
471 1924 509 2000 E,
539 1935 572 1987 et
590 1934 731 2007 tempora
752 1945 809 2008 per

188 2031 286 2096 lineas
310 2034 383 2108 Aa,
402 2031 483 2097 Dd.
528 2031 805 2117 EstergoutAs

189 2139 230 2203 sd
255 2140 289 2204 D
303 2140 325 2202 d
346 2140 389 2203 ita
416 2144 486 2223 (per
501 2137 699 2224 hypothesin)
727 2137 761 2201 D
777 2137 806 2201 E

188 2245 229 2310 sd
244 2247 275 2310 A
292 2246 331 2322 B,
348 2259 379 2310 et
393 2246 437 2309 ita
453 2246 487 2329 (²)
499 2249 552 2328 (ex
567 2243 677 2308 naturis
692 2244 806 2330 hyper·

185 2353 280 2432 bolae)
293 2354 323 2417 C
334 2356 365 2418 A
380 2352 420 2416 ad
431 2353 459 2416 C
468 2352 517 2427 D;
532 2363 564 2417 et
577 2353 804 2436 componendo,

184 2462 229 2526 ita
259 2461 287 2525 C
313 2485 332 2525 a
358 2460 397 2523 ad
423 2459 451 2523 C
475 2459 506 2522 d.
550 2461 591 2543 (¹¹)
615 2459 702 2545 Ergo
723 2482 805 2523 arete

186 2573 217 2635 A
234 2570 298 2634 Bb
313 2594 342 2647 a,
359 2573 393 2637 D
409 2573 438 2636 E
453 2594 471 2636 e
485 2572 517 2648 d,
538 2572 598 2634 hoc
612 2584 669 2648 est,
686 2573 785 2654 spatia
799 2572 955 2656 descripte
969 2586 1131 2659 sequantur
1145 2575 1227 2639 inter
1240 2596 1283 2652 se,
1306 2587 1339 2639 et
1352 2578 1470 2643 veloci·

186 2679 382 2761 tetesprimae
398 2681 428 2743 A
447 2679 486 2757 B,
502 2679 536 2743 D
553 2678 581 2742 E
597 2692 670 2743 sunt
684 2680 798 2744 ultimis
813 2682 871 2756 ab,
888 2680 948 2759 de,
964 2695 996 2746 et
1010 2696 1174 2767 propterea
1188 2683 1353 2749 dividendo
1367 2688 1470 2768 pani-

184 2786 243 2850 bus
258 2787 350 2851 etiam
366 2789 429 2852 suis
444 2786 563 2853 amissis
579 2786 704 2851 AB-
718 2789 1283 2877 ub‚DE-deprop01tionules.
1329 2794 1371 2872 Q.
1388 2818 1418 2860 e.
1434 2797 1467 2863 d.

436 3069 716 3161 euoeoslslo
739 3073 815 3138 vn.
861 3075 1131 3141 Tueoueut
1155 3077 1194 3141 ν.

187 3268 322 3349 Corpora
335 3270 482 3350 spherica
498 3271 603 3353 quibus
616 3273 765 3335 resistitur
780 3273 812 3334 in
827 3271 981 3353 duplicato
995 3276 1115 3337 ratione
1129 3275 1327 3352 velocitates,
1354 3285 1464 3360 tempo·

224 3378 315 3453 ribus,
331 3399 397 3460 quae
410 3389 478 3441 sunt
491 3388 525 3440 ot
538 3389 631 3442 motus
638 3380 737 3460 primi
750 3375 861 3440 directi
874 3389 903 3441 et
916 3381 1093 3442 resistentie
1100 3381 1212 3461 prime
1225 3377 1352 3456 inversi,
1374 3384 1463 3443 orist-

226 3493 289 3545 tent
309 3495 415 3565 partes
438 3495 564 3547 motmim
586 3480 829 3566 propoi'tionoles
842 3485 922 3562 totis,
947 3488 1092 3570 etspatia
1106 3487 1270 3551 describent
1284 3489 1463 3571 temporibus

226 3590 292 3652 istis
305 3599 334 3652 et
348 3591 551 3653 velocitatibus
560 3592 670 3671 primis
683 3589 860 3672 conjunctim
869 3594 1125 3673 proportionalia.

225 3758 266 3841 (¹)
290 3757 434 3841 Namque
448 3767 591 3819 motuum
605 3767 709 3839 partes
724 3755 843 3818 amisse
858 3769 931 3819 sunt
944 3770 980 3819 ut
994 3756 1174 3820 resistentie
1189 3770 1220 3821 et
1231 3769 1375 3842 tempora
1388 3780 1461 3823 con·

177 3869 320 3953 junctim.
366 3866 465 3953 Igitur
481 3880 515 3928 ut
528 3876 631 3949 partes
646 3864 708 3926 illoe
724 3865 786 3927 sint
801 3865 873 3928 totis
887 3866 1144 3949 oroportionules,
1168 3864 1294 3930 debebit
1318 3869 1460 3932 resisten·

182 3976 224 4037 tia
238 3989 269 4038 et
283 3989 404 4058 tempus
419 3972 608 4056 conjunctim
625 3993 691 4036 esse
712 3983 746 4034 ut
760 3984 872 4035 motus.
920 3972 1055 4035 Proinde
1078 3986 1200 4056 tempus
1226 3974 1286 4037 erit
1300 3987 1336 4039 ut
1360 3988 1461 4040 motus

185 4185 249 4296 οὔθ)
272 4192 285 4216 ·
298 4191 467 4262 ‚erponem
488 4192 610 4265 woeiurfs
635 4191 740 4244 initiales,
761 4191 804 4237 tec.
837 4187 863 4234 in
873 4187 920 4235 fine
930 4187 1024 4264 illesum
1034 4197 1166 4263 ternporum
1177 4187 1325 4264 residuoeper
1334 4189 1406 4237 linus
1415 4192 1459 4246 ab,

183 4252 807 4374 estsittttsttfttttsttmffi
835 4250 1333 4376 iyssff‘isffiiiiiwii'itdi'm
1346 4268 1386 4314 μ’
1396 4268 1462 4300 ''⁸‘'

182 4385 280 4436 possunt
297 4386 406 4438 tanquam
424 4387 501 4424 motus
511 4378 582 4424 unius
592 4379 741 4440 eiusdemque
752 4394 803 4425 eor-
868 4380 901 4442 (²)
919 4383 931 4409 ·
951 4377 1084 4428 Esneturti
1095 4381 1223 4442 hyperbole.
1243 4378 1304 4443 (Pet
1315 4377 1399 4428 stent.
1410 4380 1459 4429 lv.

181 4439 244 4502 poris
254 4438 322 4485 variis
332 4440 453 4486 celeritatis
464 4440 573 4502 gradibus
584 4443 627 4488 acti
645 4443 718 4505 (utin
732 4443 802 4501 Prop.
837 4440 867 4488 de
880 4443 999 4502 Hypetb.)

182 4504 228 4564 V.)
248 4502 347 4566 ideisque
367 4506 420 4566 (per
436 4503 514 4550 Corol.
537 4510 555 4550 Ι.
572 4505 642 4566 Prop.
658 4506 703 4566 V.)
721 4505 805 4552 veloci·
870 4506 904 4568 (¹¹)
919 4511 930 4535 ⁵
945 4506 1008 4568 Ergi
1018 4522 1079 4555 orta
1089 4509 1112 4554 A
1121 4508 1196 4562 sta,
1205 4509 1231 4554 D
1243 4507 1391 4569 Βιώβῗδ.
1402 4508 1457 4558 Lis

180 4578 240 4616 tates
256 4567 356 4615 initiales
375 4567 459 4626 exponi
477 4579 574 4627 possunt
590 4585 630 4629 per
647 4569 719 4616 lineos
737 4570 760 4615 A
773 4570 804 4625 B,
839 4567 875 4627 1.)

183 4632 208 4679 Ῑ)
220 4633 252 4691 Β,
263 4643 368 4695 mim
383 4646 424 4693 W
439 4631 511 4679 ΠΜ
523 4634 544 4678 Α
558 4649 579 4690 ιι
599 4633 657 4688 Dd.
674 4632 805 4682 velocitas·
869 4631 928 4696 (”)“
939 4636 1049 4698 Namque
1059 4637 1349 4698 munumentum
1358 4637 1402 4685 tet.
1413 4636 1464 4702 (2.)
