3322 5738
827 332 841 359 Ἰ

288 441 350 498 160
595 428 936 497 PHILOSOPHIAE
959 427 1232 494 NATURALIS
1297 425 1408 504 [Mor.
1420 424 1574 491 Corruit.

328 607 426 670 Corol.
444 615 474 670 5.
500 606 547 689 (¹¹²)
559 604 601 667 Et
612 599 836 678 universaliter,
853 601 1006 687 quantitas
1022 599 1160 663 meteriae
1175 596 1321 681 pendulae
1337 583 1384 659 est
1397 606 1433 658 ut
1446 595 1575 681 pondus

283 724 316 776 et
329 712 515 800 quadratum
530 710 678 794 temporis
694 708 821 784 directe,
838 719 869 770 et
883 706 1047 792 longitudo
1062 704 1191 788 penduli
1206 702 1336 766 inverse.
1432 720 1437 738 ·

328 823 427 885 Corol.
444 831 474 884 6.
508 819 570 883 Sed
586 831 618 882 et
632 840 665 881 in
679 818 784 882 medio
799 840 863 880 non
878 817 1040 881 resistente
1055 817 1209 900 quantitas
1224 813 1361 877 materiis
1371 810 1518 896 pendulae
1530 821 1580 874 est

281 938 317 990 ut
330 926 454 1011 pondus
469 924 714 1008 comparativum
732 937 763 987 et
779 921 963 1009 quadratum
978 922 1126 1005 temporis
1141 920 1258 984 directe
1274 933 1306 983 et
1320 917 1484 1005 longitudo
1498 938 1579 1000 pen·

282 1031 349 1096 duli
364 1030 495 1094 inverse.
541 1030 623 1093 Num
638 1030 761 1115 pondus
775 1031 1020 1114 comparativum
1035 1029 1141 1092 estiis
1156 1028 1271 1091 motiix
1292 1029 1431 1110 corporis
1453 1027 1486 1088 in
1504 1047 1573 1089 me-

283 1136 337 1202 dio
351 1139 459 1224 quovis
474 1137 571 1224 gravi,
589 1138 628 1220 (¹¹)
645 1150 680 1200 ut
695 1159 789 1221 supra
803 1137 957 1220 explicui3
974 1135 1107 1220 ideoque
1121 1134 1205 1197 idern
1219 1145 1349 1217 praestet
1364 1133 1396 1195 iii
1407 1131 1462 1196 tali
1471 1131 1577 1195 medio

283 1268 347 1310 non
362 1249 522 1312 resistente
536 1262 629 1333 atque
644 1249 766 1331 pondus
782 1247 958 1310 absolutum
972 1247 1004 1308 in
1020 1266 1127 1308 vocuo.

328 1357 426 1419 Corol.
444 1363 473 1422 7.
521 1356 560 1438 (⁰)
579 1355 621 1418 Et
635 1354 709 1416 hinc
730 1354 828 1439 liquet
849 1353 929 1415 ratio
952 1365 1019 1415 tum
1045 1349 1246 1434 comparendi
1270 1370 1403 1432 corpore
1426 1348 1508 1410 inter
1530 1369 1575 1422 se,

283 1460 388 1546 quood
404 1461 608 1546 quantitatem
624 1462 761 1524 materiae
776 1460 809 1522 in
825 1458 972 1545 singulis3
995 1471 1062 1521 tum
1077 1455 1278 1540 comparandi
1289 1455 1430 1539 pondera
1438 1454 1579 1538 ejusdem

284 1566 423 1650 corporis
449 1566 482 1628 in
508 1567 637 1629 diversis
663 1564 750 1642 locis,
778 1565 817 1649 (Ρ)
833 1564 873 1627 ad
897 1562 1146 1649 cognoscendam
1171 1561 1378 1623 variationem
1402 1561 1601 1645 gravitatis..

287 1672 393 1757 Factis
413 1686 517 1736 autem
537 1672 758 1756 experimentis
778 1692 872 1756 quain
893 1668 1128 1732 accuratissimis
1150 1668 1255 1729 inveni
1277 1687 1400 1748 semper
1421 1667 1579 1750 quantita-

284 1791 349 1844 tem
363 1781 502 1844 materiae
516 1780 550 1843 in
565 1779 747 1864 corporibus
763 1777 892 1865 singulis
907 1799 1015 1840 eorum
1029 1775 1162 1859 ponderi
1171 1774 1436 1858 proportionalem
1452 1797 1529 1839 esse.

512 2072 794 2139 PROPOSITIO
819 2073 931 2138 XXV.
977 2072 1248 2140 THEOREMA
1276 2073 1357 2138 XX.

287 2267 639 2350 Corporafimepeiidula
654 2268 767 2351 quibes,
784 2270 817 2330 iri
831 2269 927 2330 medio
941 2269 1052 2350 quovis,
1069 2269 1220 2330 resistitur
1236 2269 1270 2329 iii
1284 2269 1404 2329 ratione
1417 2274 1579 2327 monento·

330 2396 396 2436 mm
410 2374 560 2454 temporis,
583 2383 612 2435 et
627 2394 753 2455 corpora
763 2374 979 2456 surrependida
995 2395 1061 2456 ques
1075 2376 1107 2436 iii
1123 2372 1248 2455 sp'usdem
1259 2375 1425 2456 gravitmis
1439 2374 1584 2453 specificae

330 2485 429 2545 medio
450 2503 511 2543 nori
533 2483 687 2544 resistente
708 2492 870 2557 moventur,
898 2483 1097 2544 vacillationes
1120 2483 1152 2543 in
1174 2483 1305 2564 cycloidis
1330 2483 1427 2543 eodem
1452 2491 1584 2562 tempore

261 2588 268 2599 ⁶
322 2600 489 2673 peragunt,
506 2601 534 2652 ct
549 2611 670 2652 arcuum
679 2601 788 2671 partes
798 2592 1041 2673 proportionaies
1055 2592 1142 2653 simul
1157 2590 1333 2654 describunt.

333 2782 381 2846 Sit
397 2783 428 2844 A
446 2758 473 2844 Β
490 2781 636 2866 cycloidis
651 2805 754 2858 arcus,
772 2805 864 2867 quem
881 2804 993 2866 corpus
1009 2784 1043 2847 D
1058 2797 1198 2867 tempore
1221 2784 1330 2869 quovis
1352 2785 1384 2847 in
1399 2785 1584 2849 medionon

287 2890 449 2954 resistente
465 2883 634 2953 oscillando
650 2891 808 2957 describit.
858 2892 1021 2956 Bisecetur
1036 2891 1118 2955 idem
1134 2893 1165 2954 in
1183 2893 1220 2969 C,
1238 2893 1280 2955 itu
1296 2906 1330 2955 ut
1346 2894 1373 2957 C
1389 2894 1425 2956 fit
1439 2895 1583 2959 infimum

289 2999 356 3084 ejus
376 3013 546 3083 punctum3
573 3013 605 3064 et
620 3002 678 3064 erit
693 3001 739 3065 vis
756 3000 958 3066 ecceleratrix
980 3001 1040 3088 quil
1063 3023 1175 3087 corpus
1198 3016 1327 3089 urgetur
1341 3004 1374 3065 in
1389 3003 1459 3066 loco
1474 3006 1586 3088 quovis

290 3190 317 3238 lii
328 3192 433 3252 modulo
443 3193 463 3239 A
472 3191 558 3243 directi
568 3204 592 3244 et
601 3196 652 3259 ejus
662 3196 787 3260 longitudo
796 3199 886 3248 invase
893 3201 924 3248 ad
956 3211 1003 3250 tite
1013 3213 1037 3251 et
1047 3202 1162 3268 elegendi
1178 3205 1273 3266 exponit
1289 3206 1314 3254 iii
1327 3207 1491 3256 Monumentis
1504 3210 1581 3258 Aosd.

292 3254 386 3330 pondus
397 3269 421 3304 et
431 3257 570 3332 qusdramm
581 3261 691 3321 temporis
699 3262 796 3323 penduli
808 3265 828 3312 C
838 3264 924 3313 diiectd
960 3268 1020 3331 Reg.
1035 3270 1118 3316 Scient.
1133 3284 1170 3316 iii.
1186 3273 1255 3319 17³5.

290 3326 376 3394 eteius
387 3321 559 3385 longitudinem
569 3323 666 3372 inverse.
705 3327 736 3381 ti
750 3342 770 3374 e.
784 3327 808 3375 d.
827 3332 920 3378 univer-
987 3337 1039 3381 179.
1073 3334 1137 3388 Quis
1156 3335 1248 3381 numeri
1265 3336 1436 3384 oscillationem
1456 3338 1585 3400 oeqmlibm

290 3384 373 3431 ultim
428 3448 434 3459 ·
952 3396 1094 3456 temporibus
1110 3413 1124 3443 s
1143 3396 1238 3445 diversis
1258 3399 1367 3459 pendulis
1388 3402 1584 3449 sbsoliendiruin

326 3446 397 3495 Unde
415 3463 434 3494 si
452 3458 476 3496 et
491 3459 596 3511 tempori
616 3461 640 3501 et
657 3454 797 3516 quantitates
818 3457 920 3505 mimi·
954 3460 1137 3520 suntrecipiorii
1148 3472 1175 3508 ut
1186 3471 1289 3524 tempori
1302 3465 1386 3526 quibus
1402 3466 1501 3539 singule
1516 3467 1586 3513 oscil-

291 3507 373 3556 esdem
389 3521 451 3585 sunt,
471 3513 574 3572 ponderi
590 3525 645 3563 suot
655 3526 683 3564 ut
694 3517 921 3582 longitudinespeii-
953 3522 1050 3570 litiones
1065 3525 1127 3571 flunt
1139 3528 1206 3588 (sis.
1221 3527 1274 3574 Lib.
1290 3527 1335 3589 1.),
1352 3541 1445 3575 numeri
1461 3529 1585 3577 oscillstio·

290 3570 402 3621 dulcium
413 3574 506 3623 directe
953 3601 1012 3634 rium
1033 3589 1163 3651 siquslibui
1184 3591 1329 3651 temporibus
1349 3603 1493 3652 peracutum
1515 3603 1586 3641 erunt

323 3656 365 3721 (ω)
379 3662 391 3687 ο
405 3660 439 3706 Ep
450 3662 613 3710 „mmm
647 3663 709 3711 pide
719 3675 800 3713 mm
815 3668 920 3728 mmo,
955 3653 1007 3712 (per
1019 3653 1072 3699 Cor.
1086 3658 1109 3700 5.
1125 3653 1195 3715 Prop.
1209 3655 1291 3717 liujus)
1311 3656 1336 3701 iii
1352 3657 1479 3716 compositi
1495 3659 1586 3704 ratione

291 3735 349 3768 m,
954 3729 983 3762 ei
1005 3716 1278 3793 ratiqnensubduplicsta
1299 3718 1385 3767 mace
1405 3720 1535 3781 ponderum
1560 3733 1587 3768 et

288 3807 385 3919 xp·
403 3811 733 3874 vinescere·
747 3816 923 3879 mve-
955 3779 1390 3907 utilissimarum:
1404 3795 1586 3910 ιιιι

468 3961 473 3972 ⁶
529 3963 534 3973 ³
956 3905 1002 3954 dus
1017 3917 1052 3955 est
1062 3918 1089 3955 ut
1099 3909 1187 3957 factum
1198 3925 1226 3957 ex
1238 3911 1313 3959 massi
1324 3912 1347 3958 iii
1360 3914 1406 3959 iim
1417 3913 1533 3976 griiitstis
1544 3928 1583 3958 ac·

295 3956 363 4079 μῼ
376 3961 390 3987 '
404 3961 436 4006 Et
448 3962 502 4008 heic
516 3963 586 4036 liquet
597 3965 662 4036 rotie,
674 3963 717 4010 dic.
754 3963 817 4011 Nam
826 3980 854 4012 ei
865 3966 925 4015 datis
957 3969 1120 4031 celenirieem,
1128 3983 1196 4020 erunt
1205 3975 1307 4034 predicti
1315 3977 1483 4023 oscillationum
1491 3977 1585 4023 numeri

340 4020 452 4094 ⁴uloruin
470 4023 663 4099 longitudinibus,
679 4026 851 4076 oscillationum
867 4039 926 4077 tem-
958 4034 983 4080 in
994 4035 1083 4083 risione
1094 4037 1255 4099 subduplicits
1270 4038 1357 4087 directa
1368 4041 1449 4088 virium
1465 4041 1586 4104 gravitatis

296 4083 399 4156 120an
419 4096 443 4131 et
465 4088 605 4163 ponderibus
626 4106 758 4151 corporum,
778 4092 847 4140 ditur
868 4095 927 4142 ratio
957 4099 1143 4149 metieritricum
1171 4112 1194 4148 et
1209 4103 1297 4151 ratione
1311 4104 1587 4169 subduplicsiilongitu-

296 4156 455 4255 qzsisnumtum
479 4162 582 4198 mttenae
604 4153 629 4199 iii
651 4154 698 4201 illis
719 4157 853 4217 corporibus
874 4161 927 4222 (per
958 4162 1041 4210 diuum
1058 4164 1329 4227 pendulorumiiiiersi3
1345 4170 1478 4229 icpminile
1494 4169 1585 4230 pendu-

319 4220 353 4300 Οἵ
365 4208 424 4299 V·.);
442 4222 465 4257 et
475 4224 561 4260 contri.
689 4285 694 4295 .
958 4225 1034 4273 lorum
1051 4227 1209 4290 inequaliuni,
1228 4229 1268 4276 iod
1285 4231 1366 4280 eidem
1375 4234 1397 4279 vi
1407 4235 1525 4295 gravitatis
1535 4235 1586 4297 egi-

330 4270 365 4347 (')
391 4277 633 4348 'Ad'cognoicriidim
643 4285 792 4332 uenationem
799 4288 924 4346 gionensis.
959 4298 1069 4348 istorum,
1089 4293 1179 4338 numeri
1198 4294 1368 4343 oscillationem
1384 4296 1466 4344 eodem
1483 4310 1587 4358 tempore

298 4332 348 4383 Ubi
359 4339 642 4414 enimneiu'sdempenduli
653 4346 809 4418 oscillationes
817 4351 927 4397 tardiores
959 4354 1150 4401 absolvendarum
1169 4359 1267 4404 suntin
1290 4361 1405 4420 reciproci
1424 4361 1588 4423 subdupiicsit

297 4408 570 4474 suoingrsiitatissciio,
587 4412 785 4466 cetenspsdbus,
797 4413 927 4471 minorest,
959 4418 1047 4464 ratione
1066 4418 1240 4480 longitudinum
1261 4423 1426 4483 penduloruin,
1449 4437 1473 4473 et
1494 4427 1587 4473 numeri

297 4476 353 4510 cum
364 4478 389 4509 ιιι
400 4463 483 4510 eodem
495 4467 598 4526 pendulo
607 4469 708 4528 ponderi
719 4473 765 4519 iiiii
775 4477 890 4536 reciproce
901 4487 929 4525 ut
959 4480 1133 4528 oscillationtim
1156 4482 1181 4529 in
1207 4483 1299 4533 duobus
1325 4489 1434 4547 pendulis
1460 4491 1589 4552 equilibus

297 4526 411 4591 ψιὼιιι
429 4538 559 4589 temporum
572 4541 623 4606 (per
636 4535 690 4581 Cor.
703 4537 745 4597 5.).
783 4539 828 4586 Sed
847 4541 877 4588 de
893 4541 929 4589 his
960 4554 1029 4592 erunt
1044 4544 1070 4591 in
1084 4545 1246 4607 subduplicatd
1261 4552 1349 4599 neone
1365 4551 1448 4599 virium
1460 4555 1585 4616 gravitatis.

296 4589 366 4653 pluri
374 4592 404 4639 sd
413 4592 484 4669 Piqp.
496 4594 557 4670 XX:
570 4595 622 4643 Lib.
635 4597 687 4645 111.
698 4599 812 4649 dicentur.
833 4606 929 4660 Quanta
961 4606 1023 4655 linc
1034 4618 1068 4656 est
1078 4610 1160 4673 reguli
1202 4628 1240 4661 im
1248 4614 1278 4661 sd
1288 4615 1454 4675 computanda
1465 4633 1588 4678 oorporuin

297 4663 379 4703 suum
390 4672 415 4703 iii
423 4656 470 4704 illis
475 4661 639 4719 apenninis
649 4661 780 4712 mutunus
790 4667 820 4715 sii
830 4669 930 4745 diliqui-
960 4673 1085 4784 ffiiiatei
1094 4673 1166 4724 uadit
1192 4677 1230 4727 oli.
1246 4678 1367 4727 Beruoulli
1378 4680 1403 4727 in
1416 4681 1484 4730 Actis
1491 4681 1586 4730 Erudit

297 4718 339 4775 iii.
356 4720 430 4769 cleris.
446 4721 930 4794 nundinasqutwieipepicui.
994 4742 1159 4798 pisnl'lld.
