3322 5738
110 433 400 513 LmsnSscuru.]
431 427 671 498 PRINCIPlA
695 431 1064 500 MATHEMATICA.
1322 444 1384 502 955

109 603 203 689 quim
226 603 326 689 figura
348 604 478 688 cylindri
499 604 607 668 eidem
631 605 782 669 diametro
806 604 961 688 descripti.
1009 607 1048 671 In
1072 607 1206 671 motibus
1229 607 1385 672 velocibus

108 710 281 774 resistentia
296 723 398 793 potest
412 734 479 775 esse
492 711 588 795 paulb
601 714 709 796 major,
730 724 893 796 propterea
908 711 993 797 quod
1007 713 1169 778 elasticitas
1184 728 1215 779 et
1229 737 1385 799 compres-

109 823 155 887 sio
169 821 256 884 fluidi
281 823 320 905 (¹¹)
336 844 400 884 non
422 836 593 907 augeantur
609 823 645 885 in
662 822 816 905 duplicati
839 822 957 886 ratione
979 821 1157 888 velocitatis.
1203 824 1266 889 Sed
1280 825 1386 910 hujus-

110 929 194 994 modi
209 930 354 992 minutias
370 930 499 992 hicnon
514 930 669 1015 expendo.

152 1038 194 1101 Et
209 1036 348 1122 quamvis
362 1040 425 1111 aiir,
441 1059 531 1123 aqua,
547 1048 710 1123 argentum
723 1036 828 1100 vivum
842 1049 873 1100 et
887 1036 999 1100 similia
1011 1037 1116 1113 fluida,
1132 1061 1189 1122 per
1203 1036 1385 1101 divisionem

106 1146 241 1228 partium
256 1145 288 1205 in
304 1142 468 1220 infinitum,
484 1142 715 1206 subtiliarentur
728 1154 760 1206 et
770 1142 881 1207 fierent
894 1143 996 1206 media
1010 1143 1129 1208 infinite
1143 1144 1239 1207 fluida
1247 1167 1257 1219 ;
1279 1154 1385 1206 tamen

106 1250 207 1338 globis
222 1251 366 1334 projectis
382 1248 467 1312 haud
480 1249 583 1311 miuus
598 1248 784 1312 resisterent.
831 1247 915 1311 Nam
936 1249 1116 1326 resistentia,
1140 1250 1181 1312 de
1202 1249 1263 1335 quia
1282 1250 1385 1336 agitur

106 1360 140 1422 in
161 1359 429 1444 Propositionibus
451 1357 710 1444 praecedentibus,
736 1357 835 1420 oritur
854 1358 893 1420 ab
912 1358 1022 1422 inertii
1043 1358 1198 1433 materioe3
1221 1370 1253 1422 et
1273 1358 1384 1421 inertia

106 1469 243 1532 materioe
265 1469 447 1553 eorporibus
465 1465 634 1533 essennalis
649 1478 696 1529 est
716 1478 748 1529 et
769 1466 931 1551 quantitati
952 1467 1089 1531 materioe
1110 1487 1232 1550 semper
1252 1487 1384 1550 propor-

107 1575 237 1638 tionalis.
283 1575 345 1640 Per
359 1574 543 1638 divisionem
556 1571 693 1657 partium
706 1571 804 1648 fluidi,
820 1572 993 1636 resistentia
1002 1594 1073 1657 quae
1084 1573 1182 1635 oritur
1193 1572 1383 1636 atenacitate

107 1695 138 1747 et
153 1681 292 1746 frictione
314 1683 449 1766 partium
472 1681 603 1746 diminui
625 1680 751 1765 quidem
771 1693 891 1764 potest:
917 1680 971 1745 sed
995 1682 1148 1767 quantitas
1169 1681 1306 1745 materias
1327 1701 1384 1764 per

106 1786 288 1851 divisionem
308 1790 443 1873 partium
458 1789 525 1873 ejus
538 1808 604 1850 non
619 1786 818 1861 diminuitur3
840 1798 872 1851 et
885 1803 1029 1852 manente
1050 1788 1221 1873 quantitate
1235 1787 1381 1864 materiae,

105 1907 210 1959 manet
223 1896 289 1980 ejus
305 1895 350 1958 vis
366 1894 496 1970 inertiae,
518 1893 568 1956 cui
583 1891 765 1968 resistentia,
781 1891 821 1955 de
835 1891 896 1976 quai
910 1892 962 1954 hio
976 1893 1086 1979 agitur,
1110 1914 1231 1976 semper
1252 1912 1383 1975 propor·
1458 1932 1468 1949 .

105 2006 227 2071 tionalis
242 2019 299 2070 est
344 2006 392 2071 Ut
406 2005 475 2067 haec
488 2003 662 2068 resistentia
675 2001 875 2079 diminuatur,
892 2001 1024 2065 diminui
1037 2002 1132 2066 debet
1144 2001 1302 2086 quantitas
1317 2022 1383 2064 ma·

105 2113 191 2177 terioe
205 2113 237 2175 in
252 2112 359 2195 spatiis
373 2134 431 2196 per
445 2131 515 2197 quae
530 2132 662 2194 oorpora
676 2123 847 2174 moventur.
886 2109 929 2174 Et
942 2122 1108 2195 propterea
1121 2111 1221 2194 spatia
1235 2110 1382 2187 coelestia,

105 2240 163 2301 per
178 2238 248 2303 quae
262 2218 348 2304 globi
362 2217 557 2300 planetarum
571 2229 603 2281 et
616 2231 807 2281 cometarum
821 2216 854 2278 in
868 2237 976 2280 omnes
986 2230 1091 2301 partes
1102 2216 1259 2280 liberrime
1273 2228 1304 2280 et
1318 2216 1384 2280 sine

107 2324 193 2386 omni
216 2337 322 2388 motus
346 2322 551 2387 diminutione
572 2321 709 2385 sensibili
722 2333 874 2405 perpetuo
895 2335 1069 2399 moventur,
1092 2322 1189 2384 fluido
1208 2322 1293 2384 omni
1314 2341 1384 2384 cor·

106 2450 206 2513 poreo
218 2429 438 2507 destituuntur,
454 2429 480 2494 si
494 2427 574 2493 forte
587 2447 716 2511 vapores
729 2425 823 2514 longe
833 2427 1028 2491 tenuissimos
1042 2440 1073 2492 et
1087 2429 1230 2513 trajectos
1243 2426 1320 2491 lucis
1333 2447 1383 2490 ra·

105 2534 174 2598 dios
189 2536 337 2620 excipias.

148 2643 325 2728 Projectilia
345 2644 452 2731 utique
474 2656 593 2708 motum
615 2644 749 2718 cientfflin
769 2643 873 2708 fluidis
893 2643 1132 2731 progrediendo,
1157 2640 1260 2707 ethic
1280 2653 1383 2705 motas

104 2751 203 2815 oritur
216 2753 257 2815 ab
271 2774 398 2818 excessu
412 2752 580 2837 pressionir
594 2751 683 2816 fluidi
698 2751 739 2816 ad
752 2750 921 2837 projectilis
936 2763 1039 2834 partes
1054 2751 1172 2814 anticas
1187 2769 1282 2832 supra
1295 2769 1383 2833 pres·

105 2857 222 2921 sionem
238 2857 278 2922 ad
292 2861 357 2945 ejus
371 2875 475 2945 partes
490 2864 632 2947 posticas,
654 2879 685 2930 et
699 2887 763 2929 non
778 2865 961 2928 minorasse
975 2875 1077 2948 potest
1091 2864 1122 2927 in
1138 2861 1248 2927 mediis
1262 2861 1383 2927 infinite

102 2962 205 3026 fluidis
220 2986 312 3048 quam
328 2965 361 3026 in
376 2969 457 3042 aare,
474 2966 553 3051 aquai
563 2980 595 3030 et
609 2982 738 3054 argento
752 2970 823 3032 vivo
836 2991 896 3052 pro
909 2969 1061 3033 densitate
1076 2967 1214 3032 materiae
1229 2967 1262 3029 in
1276 2967 1382 3053 singu·

104 3067 152 3128 lis.
178 3067 244 3129 Hic
255 3080 358 3130 autem
367 3069 534 3152 pressioris
546 3092 700 3150 excessus,
715 3094 774 3156 pro
790 3075 959 3159 quantitate
974 3075 1039 3150 sui,
1051 3096 1115 3138 non
1130 3066 1249 3137 tansum
1263 3084 1384 3136 motum

105 3171 166 3234 ciet
179 3171 213 3233 in
226 3170 333 3248 fluide,
350 3174 388 3255 (⁰)
403 3172 458 3237 sed
473 3174 565 3238 etiam
580 3175 645 3262 agit
658 3176 691 3239 in
704 3177 863 3262 projectile
878 3177 918 3240 ad
932 3190 1051 3242 motum
1065 3180 1131 3264 ejus
1146 3176 1381 3242 retardandum:

104 3293 136 3344 et
146 3294 312 3364 propterea
327 3284 539 3348 resistentiain
550 3285 636 3348 omni
646 3286 743 3351 fluido
757 3301 804 3351 est
818 3299 853 3350 ut
867 3300 969 3351 motus
979 3287 1013 3350 in
1023 3287 1149 3350 fluidoa
1164 3284 1315 3369 projectili
1326 3305 1382 3349 ex·

104 3390 225 3466 citatus,
241 3411 299 3454 nec
314 3392 416 3454 minor
430 3415 496 3457 esse
510 3407 612 3479 potest
621 3395 654 3458 in
668 3396 784 3461 aethere
798 3397 996 3462 subtilissimo
1009 3420 1068 3481 pro
1082 3396 1233 3460 densitate
1247 3392 1381 3471 amera,

104 3518 197 3584 quam
212 3497 244 3560 in
258 3503 339 3576 aere,
356 3500 435 3586 aqui
449 3515 481 3566 et
494 3516 623 3589 argento
637 3504 709 3568 vivo
721 3527 780 3590 pro
794 3505 998 3571 densitatibus
1013 3507 1124 3570 horum
1138 3505 1316 3569 flaidomm.

106 3667 158 3717 Liu
170 3671 206 3718 Π.
217 3680 240 3717 et
249 3670 428 3732 insequentibus
439 3672 729 3736 Propoaitioaibusmppo-
760 3679 862 3733 iocum
878 3676 902 3724 in
913 3677 960 3740 qui
970 3687 1049 3725 tamea
1064 3635 1144 3740 nuperi
1159 3676 1276 3732 deberent,
1293 3672 1327 3720 uti
1342 3686 1382 3720 ex·

105 3735 175 3806 situm
192 3745 234 3791 est,
252 3735 315 3795 globi
327 3745 351 3781 et
361 3735 466 3795 cylindri,
483 3751 582 3811 quorum
598 3739 679 3787 eadem
695 3749 730 3788 ert
761 3741 861 3800 pon'tum
872 3752 907 3788 art
916 3741 941 3787 in
952 3741 1111 3802 experimento
1124 3746 1160 3787 12.

105 3796 575 3926 rarissimarum
589 3868 674 3914 ,Μ
691 3882 726 3915 ,.
759 3805 988 3929 annis
1008 3808 1054 3867 ⁰⁸¹²
1071 3804 1233 3867 aa
1249 3816 1290 3862 μ’
1305 3796 1382 3847 ,a
