3322 5738
435 445 776 524 emrosornnu
797 390 1067 507 nannius
1119 424 1402 508 [atoacorroa

269 687 551 768 PROPOSITIO
574 680 718 751 XLVII.
762 667 1033 742 THEOREMA
1059 657 1246 751 xxxyn.

167 1263 343 1350 Designent
373 1259 403 1321 A
424 1255 463 1331 Β,
495 1252 523 1317 Β
545 1250 583 1326 C,
615 1246 644 1311 C
664 1245 709 1321 D,
732 1238 879 1323 pulsuum
905 1229 1148 1298 suceessivorum
1286 1294 1292 1349 1
1332 1291 1337 1300 ,

123 1370 259 1459 aequales
273 1364 452 1435 distantias3
475 1360 505 1421 A
522 1355 595 1421 BC
617 1353 741 1436 plagam
764 1357 866 1408 motus
885 1342 1033 1425 pulsuum
1054 1335 1094 1398 ab
1116 1334 1148 1397 A
1209 1334 1228 1437 Η
1249 1294 1298 1496 stip
1371 1410 1388 1438 ἡ

124 1500 231 1543 versus
248 1476 276 1540 B
290 1468 471 1558 propagati;
495 1465 534 1542 E,
552 1463 589 1539 F,
606 1460 638 1522 G
653 1468 769 1541 puncta
790 1450 850 1514 tria
870 1447 1009 1532 physica,
1033 1445 1068 1526 (⁸)
1084 1463 1148 1504 me-
1266 1436 1278 1497 I

125 1586 169 1650 dii
184 1581 369 1670 quiescentis
384 1580 417 1641 in
432 1573 514 1639 reat
531 1573 561 1634 A
577 1569 605 1632 C
620 1566 660 1630 ad
675 1560 809 1647 aequales
823 1558 864 1623 ab
880 1555 1011 1618 invicem
1032 1552 1149 1615 distan-

125 1692 184 1754 tias
198 1690 275 1762 sita3
300 1686 371 1760 Ee,
389 1681 452 1758 Ff,
469 1679 538 1763 Gg
560 1672 658 1757 spatia
680 1665 811 1752 aqualia
831 1659 995 1746 perbrevia
1008 1678 1065 1741 per
1079 1675 1150 1740 quse

125 1810 241 1880 puncta
263 1792 315 1855 illa
336 1802 423 1852 motu
442 1785 601 1866 reciproco
626 1778 660 1860 (²)
682 1770 811 1858 singulis
833 1763 1054 1830 ribratiouibus
1076 1773 1152 1824 eunt

127 1918 160 1965 et
172 1900 321 1971 redeuut;
337 1922 358 1974 ι,
375 1915 403 1974 φ,
418 1920 439 1974 y
452 1892 521 1955 loca
535 1884 651 1974 quaevis
665 1873 851 1944 intermedia
863 1869 1032 1936 eorundem
1051 1887 1150 1950 punc-

127 2021 248 2079 torum3
274 2016 306 2067 et
330 2001 412 2075 EF,
436 1995 512 2062 FG
534 1989 662 2055 lineolae
687 1981 831 2069 physicas
855 1998 909 2040 seu
934 1973 1029 2038 medii
1049 1985 1152 2057 partos

127 2119 260 2182 lineares
284 2112 408 2198 punctis
433 2107 493 2172 illis
521 2103 704 2186 interjectas,
734 2106 766 2156 et

128 2222 299 2290 successive
321 2221 483 2286 translatas
505 2217 538 2278 in
557 2215 626 2277 loca
640 2237 650 2270 ε
666 2229 693 2288 p,
711 2227 762 2286 py

128 2343 160 2394 et
181 2329 234 2405 ef,
251 2329 307 2415 fg.
354 2329 461 2391 Rectae
482 2316 684 2404 Eeaequalis
706 2314 764 2376 du·

129 2448 217 2499 catur
230 2447 315 2498 recta
332 2434 358 2496 P
375 2433 406 2496 S.
442 2430 602 2493 Bisecetur
612 2425 721 2489 eadem
732 2423 764 2485 in

131 2542 172 2620 Ο,
200 2556 368 2626 centroque
392 2540 423 2603 Ο
445 2552 476 2603 et
502 2534 662 2601 intervallo
686 2530 764 2596 ΟΡ

129 2651 323 2715 describatur
346 2646 478 2710 circulus
502 2646 525 2708 S
548 2644 563 2706 I
589 2642 657 2706 Pi.
704 2640 765 2704 Per
813 2655 844 2706 Η

131 2864 270 2948 partibus
293 2864 355 2924 suis
378 2874 552 2944 exponatur
577 2872 698 2942 tempus
720 2872 766 2920 to-

131 2983 198 3033 tum
213 2969 392 3033 vibrationis
404 2969 495 3030 unius
507 2990 578 3030 cum
589 2969 684 3051 ipsius
695 2991 767 3054 par-

132 3079 213 3142 tibus
241 3076 539 3160 proportionalibus;
566 3077 610 3140 sic
639 3092 675 3142 ut
703 3101 772 3144 corn
824 3094 858 3145 to
883 3093 1022 3163 tempore
1048 3071 1155 3160 quovis

134 3185 161 3250 P
179 3185 214 3248 H
236 3184 284 3247 vel
307 3184 387 3249 PH
405 3184 473 3261 Sh‚
501 3185 527 3246 si
547 3184 727 3250 demittatur
749 3188 789 3251 ad
812 3189 839 3252 P
857 3189 879 3252 S
900 3181 1156 3272 perpendiculum

134 3289 171 3353 H
187 3289 215 3352 L
230 3289 315 3352 veih
331 3290 352 3365 l,
369 3289 554 3372 etcapiatur
570 3291 619 3353 Er
635 3293 761 3378 aequalis
779 3293 910 3358 PLvel
927 3292 990 3367 Pl,
1006 3300 1157 3374 punctum
1177 3369 1180 3373 ⁴

132 3396 296 3483 physicum
321 3398 540 3482 Ereperiatur
555 3399 586 3462 in
603 3425 622 3464 s.
669 3401 742 3466 Hric
764 3403 833 3488 lege
853 3414 1003 3486 punctum
1029 3397 1157 3484 quodvis

135 3503 173 3580 E,
198 3503 301 3565 eundo
323 3503 362 3565 ab
382 3502 508 3587 Epers
524 3504 605 3580 ade,
630 3518 660 3568 et
682 3507 755 3570 inde
777 3507 936 3571 redeundo
957 3527 1014 3590 per
1029 3530 1039 3565 ε
1054 3502 1093 3568 ad
1117 3501 1155 3577 Ε,

134 3607 244 3671 iisdem
267 3607 496 3671 accelerationis
511 3631 547 3671 ac
562 3610 778 3674 retardationis
799 3611 949 3699 gradibus
971 3608 1157 3671 vibrationes

134 3715 269 3802 singulas
283 3726 413 3800 peraget
436 3715 474 3798 (¹¹)
491 3737 562 3777 cum
584 3717 742 3781 oscillante
763 3717 909 3801 pendulo·
956 3713 1158 3779 Probandum

133 3823 279 3909 estquod
295 3822 416 3909 singula
430 3822 523 3885 medii
538 3837 653 3906 puncta
668 3826 795 3912 physica
806 3826 860 3890 tali
873 3838 960 3888 motu
976 3822 1086 3910 agitari
1101 3821 1156 3884 de·
1224 3804 1229 3815 ⁶

134 3931 235 3995 beant.
283 3933 451 4019 Fingamus
473 3932 567 4019 igitur
589 3934 726 3997 medium
748 3935 801 3997 tali
823 3949 911 3997 motu
930 3956 950 3996 a
967 3930 1059 3996 causi
1082 3927 1157 4015 quia-

135 4059 257 4123 cunque
272 4040 355 4115 cieri,
371 4052 403 4103 et
418 4039 575 4103 videamus
591 4041 666 4126 quid
681 4042 754 4106 inde
770 4054 925 4127 sequatur.

151 4249 157 4261 .
168 4184 201 4247 (⁸)
211 4189 227 4258 ι’
241 4188 314 4258 Medii
325 4191 468 4248 quiescentis,
480 4189 554 4245 idest,
566 4188 671 4235 nondum
681 4188 761 4250 agitati
793 4187 870 4235 medio
876 4187 969 4235 clastico
975 4184 1057 4247 pulsus
1064 4182 1192 4231 seeundum
1199 4182 1358 4230 directionem
1370 4185 1391 4230 B
1401 4185 1434 4239 C,

135 4251 302 4326 vrbnuontbus
312 4252 412 4309 corporis
423 4252 522 4305 tremuli.
534 4264 575 4298 aut
583 4252 637 4298 inde
644 4252 761 4312 productis
793 4253 940 4311 producetur,
957 4261 980 4297 et
991 4249 1089 4311 singulis
1099 4248 1150 4296 aliis
1160 4248 1331 4293 vibrationibus
1343 4264 1434 4307 corpo-

135 4328 194 4362 eem
204 4311 315 4370 pulsibus.
794 4316 826 4360 ris
836 4315 928 4361 tremuli
945 4314 981 4359 rel
997 4312 1088 4359 cbordoe
1105 4311 1199 4358 musicae
1215 4325 1244 4356 ex
1261 4311 1295 4355 itu
1310 4322 1336 4357 et
1353 4313 1437 4358 reditu

168 4378 263 4450 (¹)8143
277 4377 396 4448 'singuiis
403 4379 563 4425 vibrationibus
570 4390 624 4426 eant
632 4388 653 4426 et
661 4382 764 4425 redeunt.
796 4379 935 4438 compositis.
955 4377 1040 4455 singuli
1057 4376 1219 4423 excitabuntur
1234 4373 1320 4433 pulsus
1340 4376 1435 4436 (Prop.

137 4442 162 4490 Si
173 4438 375 4501 corponstremub
385 4441 525 4486 autcbordoe
534 4441 764 4488 musicaeoscillautis
799 4441 917 4502 XLIII.)
937 4452 1005 4502 etque
1021 4438 1078 4486 adeo
1093 4438 1174 4499 pulsus
1190 4437 1344 4484 latitudinem
1364 4456 1438 4485 suam

136 4505 249 4566 particula
261 4503 356 4562 incipian
372 4503 458 4548 moveri
470 4503 494 4547 in
509 4504 538 4558 Ε,
555 4505 668 4551 eteundo
685 4520 763 4551 secum
795 4506 902 4552 describit
923 4503 1067 4552 intercedum
1083 4514 1196 4563 punctum
1215 4501 1246 4556 E,
1269 4501 1440 4551 vibrationern

33 4574 37 4582 '
135 4571 256 4617 transferat
266 4566 337 4613 medii
345 4577 457 4626 punctum
467 4566 497 4622 E,
506 4566 530 4611 in
538 4567 614 4612 iocum
622 4568 764 4623 e,etdeindb
796 4584 868 4616 unam
879 4585 907 4615 ex
919 4570 953 4616 itu
965 4578 988 4615 et
998 4567 1073 4614 reditu
1089 4582 1130 4626 per
1145 4565 1308 4613 brevissimum
1326 4569 1442 4626 spatium

136 4633 250 4694 panicula
261 4633 301 4678 itta
312 4630 406 4678 chorda
416 4631 512 4676 musice
523 4631 544 4676 ri
556 4631 648 4691 proprii
660 4642 681 4678 et
691 4648 763 4692 punc·
798 4634 821 4681 Ε
832 4649 853 4687 e,
865 4632 1023 4692 compositam,
1035 4630 1139 4678 absolvit„

135 4707 187 4743 tum
198 4712 218 4753 e,
231 4696 302 4743 medii
313 4697 404 4751 intere,
421 4704 445 4742 et
458 4696 477 4742 C
489 4694 612 4754 compressi
624 4711 651 4742 nc
661 4695 763 4742 oonden·
828 4697 862 4760 (⁰)
874 4701 886 4726 0
898 4698 1080 4744 Cumorcdlante
1087 4695 1187 4756 pendulo
1199 4691 1284 4755 (Prop.
1295 4692 1367 4744 L11.
1383 4696 1443 4746 Las

136 4760 179 4807 nti
194 4758 436 4809 duodenem
452 4759 477 4806 iu
492 4758 572 4807 locum
588 4759 618 4818 E,
638 4760 722 4808 unicus
736 4760 762 4805 in
796 4759 842 4820 1.).
