3322 5738
86 407 199 471 nnn
216 405 384 481 Secura]
432 401 674 468 PRINCIPIA
705 402 1075 471 MATHEMATICA.
1311 417 1375 478 227

249 658 531 725 PROPOSITIO
555 657 741 722 XXXVII.
786 657 1057 723 THEOREMA
1081 659 1215 725 XXIX.

88 834 238 920 estinan
255 834 309 914 qui
323 834 355 893 in
364 832 471 917 fluido
486 850 647 911 compresso
670 830 790 909 infinito
804 839 833 890 et
847 850 907 890 non
929 832 1050 894 elostico
1068 835 1222 895 uertendum
1243 836 1373 918 longitu-

130 945 228 1005 dinem
243 962 326 1003 amm
337 938 528 1022 unfformiter
532 940 739 1020 progreditur,
754 939 936 1014 resistentia,
953 959 1019 1020 qno
1029 942 1155 1002 orittrra
1167 944 1373 1024 magnitudine

129 1049 266 1111 sectionis
288 1055 475 1120 transuersa,
497 1053 540 1105 est
553 1045 596 1104 ad
610 1044 667 1104 uim
685 1041 744 1123 qod
764 1052 841 1104 totus
859 1042 920 1124 q'us
939 1055 1041 1120 motus,
1074 1047 1189 1108 intereo
1209 1050 1276 1109 dnm
1298 1070 1373 1130 quo-

128 1154 267 1234 druplnm
282 1151 481 1231 longitudinis
496 1169 557 1210 sua
566 1147 715 1222 describit,
732 1149 779 1209 vei
788 1148 856 1209 tolli
864 1149 961 1229 possit
974 1151 1177 1232 adgenerari,
1193 1163 1227 1215 nt
1240 1155 1373 1218 densitas

129 1264 221 1325 medii
235 1263 278 1322 od
291 1261 466 1322 densitatem
481 1258 613 1340 cylindri
622 1252 857 1347 'pmnmocind

132 1434 217 1497 Nam
239 1434 265 1495 si
287 1454 339 1495 vas
362 1433 392 1494 A
411 1431 438 1494 B
454 1430 531 1493 DC
553 1429 651 1491 fundo
674 1450 731 1492 suo
757 1428 785 1492 C
809 1429 841 1492 D
868 1428 1063 1511 superficiem
1088 1453 1177 1515 aquae
1200 1434 1371 1516 stagnantis

88 1553 204 1624 tangat,
228 1552 259 1601 et
273 1560 353 1622 aqua
367 1559 407 1599 ex
422 1535 482 1599 hoc
496 1558 569 1598 vase
583 1556 640 1618 per
655 1534 794 1598 canalem
809 1533 1014 1618 cylindricnm
1038 1534 1066 1597 E
1083 1536 1109 1597 F
1126 1535 1157 1605 T
1174 1537 1197 1600 S
1217 1537 1371 1602 horizonti
1415 1602 1418 1613 ,

86 1646 373 1732 perpendicularem
397 1645 430 1706 in
456 1665 567 1728 aquam
594 1655 787 1728 stagnantem
813 1640 926 1718 effluat,
957 1641 1076 1705 locetur
1099 1656 1202 1706 autem
1228 1644 1370 1709 circeIIus

88 1754 116 1818 P
132 1754 165 1828 Q
184 1753 336 1816 horIzonti
356 1749 522 1834 parallelus
537 1750 636 1812 ubivis
651 1750 684 1812 in
699 1748 802 1811 medio

87 1861 210 1935 canalis,
233 1872 264 1923 et
285 1858 476 1942 producatur
498 1856 525 1919 C
541 1857 571 1919 A
587 1855 627 1918 ad
643 1855 684 1932 K,
708 1870 743 1919 ut
764 1857 803 1918 sit
914 1887 920 1893 ·
938 1899 942 1908 -

87 1969 117 2031 A
135 1967 165 2031 Κ
182 1967 221 2030 ad
239 1966 267 2029 C
285 1965 316 2027 K
339 1965 371 2025 iu
392 1961 547 2045 duplicatis
567 1963 687 2026 ratione
709 1985 802 2048 quam

85 2074 179 2136 habet
194 2095 339 2136 excessus
349 2071 465 2134 orificii
480 2069 595 2133 canalis
617 2071 645 2132 E
663 2071 689 2133 F
710 2092 803 2154 supra

86 2181 246 2245 circellum
271 2179 298 2243 P
315 2180 347 2254 Q
362 2178 401 2241 ad
417 2178 574 2271 circellum
590 2180 621 2242 A
639 2178 683 2241 B:
705 2179 803 2240 mani-

85 2287 198 2350 festum
214 2299 263 2350 est
285 2291 355 2368 (per
371 2285 443 2348 Cas.
458 2294 487 2348 5.
504 2285 575 2348 Cae.
592 2295 621 2350 6.
637 2298 668 2347 et
684 2285 757 2348 Cor.
776 2295 803 2347 1.

88 2393 181 2474 Prop.
211 2389 391 2469 XXXVI.)
422 2389 506 2474 quod
536 2390 683 2453 velocitas
714 2414 803 2475 aquoe

85 2498 271 2562 transeuntis
294 2520 351 2581 per
380 2498 515 2580 spatium
545 2497 696 2561 annulare
724 2498 805 2562 inter
848 2505 853 2531 ³

87 2606 245 2670 circellum
256 2619 287 2668 et
297 2606 393 2668 latera
404 2605 493 2681 vasis,
505 2627 541 2667 ea
552 2605 610 2668 erit
621 2625 713 2689 quam
724 2624 804 2687 aqua

85 2713 225 2777 cadendo
239 2726 269 2776 et
284 2734 357 2774 casu
372 2731 430 2773 suo
445 2709 652 2774 describendo
669 2708 803 2772 altitudi-

85 2843 157 2885 nem
175 2821 206 2883 K
223 2820 251 2883 C
266 2819 315 2882 vel
330 2818 346 2880 l
364 2819 396 2882 G
410 2820 571 2904 acquirere
586 2829 698 2902 potest.

130 2928 172 2991 Et
187 2931 256 3009 (per
273 2925 377 2988 Corol.
398 2934 447 2989 10.
466 2925 562 3008 Prop.
579 2923 760 3001 XXXVI.)
777 2924 802 2985 si
845 2928 849 3022 ι

85 3033 165 3094 vasis
191 3030 322 3092 latitudo
344 3030 384 3092 sit
408 3029 539 3106 infinita,
571 3031 609 3111 (⁸)
633 3042 670 3093 ut
690 3029 803 3092 lineola
842 3029 849 3073 ὅ

88 3137 156 3200 HI
180 3148 342 3199 evanescat
363 3150 394 3199 et
419 3135 595 3199 altitudines
616 3137 633 3199 1
650 3135 692 3211 G,
716 3135 753 3200 H
770 3135 802 3200 G

86 3263 266 3335 aequentur:
293 3251 339 3313 vis
360 3273 449 3335 aquae
464 3250 627 3314 defluentis
643 3251 674 3313 in
690 3250 847 3316 circellum
863 3256 921 3318 erit
936 3254 974 3317 ad
989 3255 1112 3337 pondus
1132 3251 1263 3337 cylindri
1279 3253 1365 3334 cujus

86 3359 166 3421 basis
182 3371 228 3420 est
242 3358 383 3421 circeIIus
399 3357 449 3420 ille
465 3371 497 3421 et
511 3358 641 3421 altitudo
655 3368 703 3421 est
717 3363 736 3439 ᾖ
753 3359 770 3421 I
787 3359 828 3435 G,
845 3374 880 3423 ut
896 3362 924 3426 E
942 3361 997 3446 Fq
1012 3360 1051 3423 ad
1069 3359 1097 3422 E
1111 3359 1247 3443 Fq-l,
1262 3356 1289 3419 P
1301 3356 1366 3440 Qq

86 3463 331 3549 quamproxime.
377 3464 459 3527 Num
484 3466 527 3527 vis
550 3485 648 3549 aquae,
671 3464 711 3546 (b)
727 3465 872 3530 uniformi
893 3482 980 3530 motu
1002 3466 1165 3530 defluentis
1186 3487 1243 3548 per
1264 3477 1365 3529 totum

86 3570 236 3645 canalem,
271 3569 379 3633 eadem
407 3571 465 3633 erit
493 3571 526 3632 in
555 3569 711 3634 circellum
742 3571 770 3635 P
793 3572 827 3649 Q
855 3574 887 3635 in
917 3572 1101 3658 quicunque
1134 3570 1248 3634 canalis
1277 3584 1365 3652 parte

85 3674 232 3738 locatum.

131 3782 328 3846 Claudantur
336 3785 402 3867 jam
417 3783 532 3846 canalis
547 3784 665 3848 orificia
682 3785 710 3849 E
721 3785 757 3861 F,
776 3786 849 3862 ST,
865 3799 896 3848 et
910 3785 1057 3848 ascendat
1071 3783 1211 3847 circellns
1227 3784 1258 3843 in
1269 3771 1367 3844 fluido

88 3890 222 3975 unquue
244 3913 432 3974 compresso,
455 3906 487 3955 et
501 3914 630 3955 ascensu
650 3915 708 3955 suo
729 3908 821 3979 cogat
838 3916 948 3978 aquam
969 3894 1160 3976 superiorem
1180 3889 1366 3954 descendere

87 4015 142 4076 per
157 3997 288 4078 spatium
305 3995 454 4059 annulare
471 3997 551 4059 inter
565 3995 723 4059 circellum
738 4011 769 4059 et
784 3997 879 4059 latera
893 3997 1024 4059 canalis:
1048 4009 1079 4058 et
1095 3995 1238 4058 velocitas
1253 3994 1367 4058 circelli

87 4104 280 4167 ascendentis
296 4105 354 4167 erit
369 4104 409 4175 ad
424 4105 616 4169 velocitatem
632 4125 721 4188 aquae
736 4104 951 4168 descendentis
974 4107 1010 4191 (θ)
1027 4118 1062 4169 ut
1075 4104 1247 4168 differentia
1268 4105 1367 4169 circu-

87 4212 187 4275 lorum
204 4214 231 4277 E
249 4215 275 4277 F
290 4230 320 4279 et
337 4216 364 4279 P
380 4217 412 4291 Q
427 4215 467 4279 ud
483 4214 633 4277 cisonium
657 4214 684 4278 P
699 4213 742 4291 Q,
769 4227 801 4278 et
821 4214 966 4278 sellicitus
982 4215 1097 4279 circelli
1112 4215 1304 4278 ascendentis
1327 4213 1367 4277 nd

118 4406 153 4466 (²)
167 4412 179 4436 ⁶
197 4411 227 4455 Ue
238 4411 319 4454 lineola
333 4410 362 4455 ll
371 4411 387 4455 1
395 4420 518 4457 emacient.
557 4409 603 4456 Per
615 4409 668 4457 Cor.
684 4414 705 4456 1.
743 4409 871 4458 uniformes
881 4420 936 4457 sunt
947 4422 973 4457 ut
985 4412 1057 4472 spatia
1068 4411 1148 4459 οοάιιιι
1157 4408 1367 4472 ammtenacnp·

87 4469 156 4527 Prop.
173 4471 318 4517 XXXVII.
333 4481 373 4517 aut
385 4475 436 4530 (per
447 4483 493 4519 not
503 4473 579 4532 275.)Ι
741 4485 781 4528 ta;
799 4474 839 4520 sed
856 4474 1001 4521 inserendum
1017 4476 1118 4522 circulus
1134 4478 1154 4522 I’
1168 4476 1301 4534 Qspatinm
1313 4471 1368 4516 soli-

117 4533 151 4596 (ὓ)
169 4539 181 4563 ·
200 4537 246 4581 Un'
256 4538 316 4581 ormi
331 4543 395 4582 nwtu
410 4538 531 4598 defluentis
548 4540 600 4600 (per
618 4537 670 4584 Cas.
684 4543 706 4584 6.
741 4537 809 4592 dum,
821 4553 862 4584 seu
873 4538 1003 4598 cylindrum
1018 4538 1103 4594 PQx
1116 4535 1368 4591 reccurrendum.

86 4597 158 4655 I'rop.
173 4597 224 4642 XX
257 4596 325 4656 VI).
742 4600 776 4647 dit
788 4616 856 4663 aque
866 4603 982 4663 quantitas
989 4604 1043 4649 bule
1050 4603 1154 4664 cylindro
1162 4601 1262 4662 aqualis,
1270 4609 1293 4644 et
1299 4611 1368 4656 prop·

117 4659 177 4726 (⁸)·
195 4664 226 4710 Ut
242 4662 370 4726 afferente
386 4663 532 4710 α’νοιιὶοιιιιιι.
567 4662 710 4711 Velocitate·
741 4662 805 4710 terei
823 4663 922 4713 altitudo
938 4665 1049 4713 veraculi·
1064 4680 1105 4725 per
1120 4679 1190 4728 quun
1200 4677 1260 4726 aqua
1274 4660 1368 4711 ducem

701 4748 750 4797 Μ
