3322 5738
95 401 207 467 Lrunn
223 402 387 482 Secura]
425 398 665 469 PRINCIPIA
689 402 1058 476 MATHEMATICA.
1316 416 1378 475 26⁵

260 678 544 745 puorosrrro
568 676 699 745 xum.
743 630 1015 747 uuuouuui
1038 681 1205 749 xxxm

94 880 207 959 Corpus
228 896 311 938 omne
332 874 486 937 tremulum
508 875 542 936 in
564 873 659 936 medio
680 875 801 937 elostico
820 875 1008 958 propagabit
1031 883 1139 937 motum
1158 877 1297 957 prtlsrrum
1317 902 1374 943 un-

134 989 222 1068 dique
244 987 277 1046 in
298 985 440 1046 directum
450 1016 461 1055 ,·
489 983 523 1044 in
544 983 639 1045 aredio
661 977 730 1044 verti
751 1003 811 1045 aon
832 984 953 1046 clastico
973 992 1080 1045 motam
1102 982 1274 1053 cirothrem
1295 990 1374 1051 ecci.

134 1097 221 1158 tabit.

135 1268 203 1330 Cos.
222 1272 249 1328 1.
273 1264 356 1327 Nam
370 1275 474 1350 partes
488 1263 628 1348 corporis
644 1264 768 1328 tremuli
778 1264 896 1328 vicibus
906 1264 1033 1329 alternis
1043 1264 1147 1329 eundo
1159 1277 1191 1330 et
1199 1265 1371 1344 redeundo,

90 1372 136 1436 itu
158 1394 215 1434 suo
236 1372 392 1458 urgebunt
411 1385 443 1436 et
459 1371 636 1456 propellent
656 1384 760 1456 partes
782 1371 877 1435 medii
899 1371 957 1434 sibi
978 1371 1148 1456 proximas,
1175 1384 1207 1436 et
1228 1373 1373 1460 urgendo

91 1479 297 1563 compriment
311 1479 435 1543 easdem
450 1493 482 1544 et
495 1478 748 1554 condensabunt;
771 1477 844 1541 dein
859 1477 962 1542 reditu
977 1501 1034 1542 suo
1050 1477 1152 1542 sinent
1165 1492 1270 1563 partes
1286 1502 1372 1544 com·

89 1607 210 1670 pressas
225 1585 369 1649 recedere
384 1598 416 1648 et
429 1607 497 1649 sese
512 1584 699 1669 expandere.
744 1583 847 1671 Igitur
859 1595 964 1668 partes
978 1584 1074 1648 medii
1089 1586 1216 1668 corpori
1238 1586 1373 1649 tremulo

89 1691 241 1775 proximae
256 1690 345 1753 ibunt
359 1702 391 1752 et
405 1688 549 1753 redibunt
563 1711 621 1773 per
635 1688 728 1765 vices,
744 1688 785 1751 ud
800 1689 897 1752 instar
907 1689 1044 1773 partium
1054 1690 1193 1772 corporis
1207 1690 1289 1754 illius
1304 1703 1368 1755 tre·

89 1797 182 1861 muli:
206 1809 237 1861 et
252 1795 312 1882 quir
327 1797 447 1860 ratione
461 1809 565 1881 partes
581 1796 720 1880 corporis
742 1795 835 1881 hujus
858 1797 1017 1883 agitabant
1039 1797 1131 1862 hasce
1146 1798 1241 1862 medii
1256 1813 1369 1882 partes,

88 1901 140 1964 hae
165 1901 314 1964 similibus
337 1901 524 1965 tremoribus
547 1901 671 1989 agitatoe
693 1901 856 1988 agitabunt
877 1914 981 1985 partes
997 1902 1055 1965 sibi
1074 1904 1244 1987 proximas,
1268 1926 1376 1990 eoeque

88 2008 228 2073 similiter
249 2008 374 2094 agitatoe
396 2007 558 2094 agitabunt
578 2007 751 2085 ulteriores,
777 2019 808 2070 et
829 2008 873 2071 sic
895 2006 1041 2091 deinceps
1063 2008 1096 2070 in
1119 2009 1286 2074 infinitum.
1333 2010 1377 2074 Et

88 2114 351 2201 quemadmodum
373 2114 468 2177 medii
482 2126 586 2198 partes
601 2115 711 2199 primae
726 2114 831 2178 eundo
852 2114 1083 2177 condensantur
1097 2127 1128 2177 et
1143 2115 1304 2178 redeundo
1326 2137 1374 2179 re-

88 2220 242 2299 laxantur,
266 2222 309 2283 sic
331 2232 436 2304 partes
451 2220 579 2307 reliquae
594 2221 714 2306 quoties
730 2233 805 2284 eunt
819 2220 1103 2296 condensabuntur‚
1127 2232 1159 2283 et
1181 2221 1301 2306 quoties
1324 2243 1375 2285 re·

88 2328 185 2393 deunt
207 2352 274 2393 sese
295 2329 484 2412 expandent.
530 2329 572 2394 Et
586 2342 752 2413 propterea
765 2350 829 2391 non
845 2350 953 2391 omnes
967 2328 1058 2391 ibunt
1073 2340 1104 2391 et
1119 2326 1210 2390 simul
1226 2326 1373 2392 redibunt

89 2436 145 2519 (sic
168 2436 251 2498 enim
273 2435 492 2499 determinatas
508 2436 547 2498 ab
563 2436 694 2498 invicem
709 2435 868 2499 distantiru
883 2433 1045 2510 servando,
1068 2454 1133 2496 nou
1148 2434 1330 2497 rarefierent
1345 2448 1376 2499 ot

88 2544 352 2607 condensarentur
366 2563 424 2624 per
439 2541 533 2619 vires)
550 2541 605 2605 sed
620 2540 799 2605 accedendo
813 2542 854 2603 ab
868 2542 1001 2605 invicem
1015 2539 1070 2603 ubi
1085 2539 1327 2617 condensantur,
1343 2554 1375 2606 et

86 2651 262 2715 recedendo
277 2651 331 2714 ubi
347 2649 506 2728 rarefiunt,
530 2648 564 2734 (f)
580 2649 692 2735 aliquae
707 2672 814 2714 earum
829 2651 920 2714 ibunt
934 2650 1010 2713 dum
1025 2649 1094 2712 alioe
1108 2648 1258 2725 redeunt;
1282 2649 1376 2735 idque

87 2760 204 2823 vicibus
220 2760 345 2824 alternis
360 2761 392 2822 in
407 2759 571 2823 infinitum.
619 2758 728 2823 Partes
749 2772 852 2823 autem
876 2771 984 2822 euntes
999 2771 1031 2822 et
1045 2759 1149 2822 eundo
1164 2760 1374 2837 condensata,

87 2872 129 2934 ob
151 2883 271 2934 motum
297 2893 387 2934 suum
411 2869 654 2955 progressivum,
682 2890 745 2954 quo
767 2868 881 2931 feriunt
903 2867 1072 2942 obstacula,
1098 2879 1169 2930 suut
1193 2867 1318 2951 pulsus3
1343 2882 1375 2932 et

86 2993 253 3063 propterea
274 2978 381 3061 pulsus
397 2977 558 3040 succasivi
573 2999 592 3039 a
607 2997 738 3059 corpore
753 2977 839 3038 omui
853 2975 988 3039 tremulo
1002 2976 1035 3039 in
1049 2975 1203 3040 directum
1218 2998 1374 3064 propaga·

86 3085 221 3161 buntur3
255 3085 348 3170 idque
370 3084 541 3170 {equalibus
564 3084 684 3147 circiter
706 3085 746 3147 ab
767 3084 898 3147 invicem
922 3084 1084 3162 distantiis,
1112 3087 1152 3169 (⁶)
1177 3086 1219 3148 ob
1242 3087 1374 3172 aequalia

87 3195 235 3277 temporis
247 3192 418 3268 intervalla,
435 3191 547 3277 quibus
563 3212 676 3274 corpus
691 3190 878 3254 tremoribus
894 3190 956 3252 suis
972 3191 1100 3276 singulis
1110 3190 1249 3276 singulos
1263 3191 1373 3274 pulsus

87 3305 210 3367 excitat.
257 3303 299 3367 Et
314 3323 490 3387 quanquam
505 3301 643 3384 corporis
659 3300 781 3363 tremuli
795 3314 900 3383 partes
922 3312 994 3363 eant
1008 3315 1040 3363 et
1054 3301 1182 3364 redeant
1202 3302 1372 3366 secundum

87 3411 211 3495 plagam
234 3410 370 3494 aliquam
387 3421 503 3472 certam
518 3420 549 3471 et
564 3407 809 3484 determinatam,
834 3422 937 3471 tumen
952 3408 1060 3493 pulsus
1075 3410 1148 3473 inde
1163 3432 1220 3494 per
1235 3410 1371 3474 medium

282 3596 513 3646 PROPOSITIO.
738 3600 801 3660 poris
918 3608 974 3648 tur:
995 3599 1058 3663 quod
1073 3599 1169 3664 quidem
1184 3602 1270 3649 leviora
1285 3603 1370 3650 cuma

743 3661 842 3709 fruatur
852 3663 981 3723 superficiei
998 3667 1098 3725 corporis
1113 3667 1241 3713 monauds
1254 3666 1369 3726 imposita,

118 3733 174 3776 309.
193 3729 290 3788 Carpum
299 3743 378 3774 maora
387 3729 522 3787 bomogcneo
531 3734 552 3772 et
563 3727 643 3773 nmilia
655 3743 712 3788 quo·
746 3734 846 3773 uetuere
856 3742 900 3775 uuo
910 3727 1021 3775 indicant.

24 3839 30 3851 ‚
85 3808 140 3840 rum
156 3795 229 3838 utera
245 3793 360 3851 bomologu
377 3794 487 3837 rationem
503 3791 583 3837 babent
599 3792 714 3837 invertant

86 3873 235 3905 materterarum
247 3861 284 3911 2⁴,
298 3860 336 3909 27,
350 3860 387 3908 30,
396 3860 436 3909 ³⁴2,
446 3860 484 3909 86,
497 3859 536 3908 40,
548 3857 587 3909 45,
599 3859 638 3908 48,
650 3863 714 3901 tonos

86 3924 165 3975 Mum,
188 3922 240 3971 UT.
261 3922 317 3973 RE,
336 3921 387 3972 Mt,
405 3920 460 3973 ΡΑ,
472 3919 540 3972 SOL,
553 3918 606 3968 LA.
620 3918 657 3969 tl.
675 3927 709 3964 ut·
939 3918 1170 3968 Pttot’osrrlu

88 3983 158 4030 lianc
167 3983 350 4043 Propordtiouem
358 3984 455 4042 probant
463 3981 620 4041 experimenta
627 3995 680 4041 qua
687 3980 713 4025 in

86 4049 210 4105 canpaniae,
222 4046 364 4109 cylindriset
376 4043 711 4105 prismuubusbornogeneiset
774 4048 827 4090 311.
851 4047 975 4106 Campum
984 4049 1068 4112 figura
1084 4050 1131 4096 ictu
1149 4050 1218 4096 aava
1231 4049 1266 4098 itd
1282 4054 1369 4100 mutari

85 4109 200 4156 similibus
217 4113 348 4159 babuerunt
369 4110 511 4157 Mersennus
529 4109 555 4154 in
579 4105 710 4153 Harmodii
744 4110 814 4155 oculis
830 4112 932 4156 comitur
943 4119 969 4157 ut
981 4128 1035 4159 cum
1051 4115 1151 4160 rotam
1166 4123 1229 4170 Μ,
1237 4117 1288 4178 fiat
1304 4126 1369 4164 mro

89 4172 218 4219 Uuiremli
229 4186 252 4222 et
264 4176 296 4222 Ι).
312 4173 383 4222 emt
395 4174 420 4219 iu
432 4173 542 4221 Manum·
556 4169 631 4219 Anu
649 4170 709 4234 Ileg.
744 4181 765 4218 et
777 4172 880 4234 qrtnndirl
891 4178 1073 4232 aucturam,
1085 4179 1179 4225 alternis
1191 4187 1293 4228 marmur
1303 4182 1368 4228 oscil-

87 4251 127 4282 un.
146 4241 212 4285 1709.
744 4238 873 4283 lotionibus.

739 4297 745 4308 '
772 4305 825 4347 812.
840 4303 912 4348 Corol-
933 4301 972 4348 Ex
983 4303 1056 4350 tribus
1067 4305 1156 4352 ultimis
1169 4304 1369 4366 Propositiouibus

740 4363 879 4411 concludere
890 4364 950 4419 licet,
963 4376 990 4412 ut
1002 4367 1026 4413 in
1037 4369 1128 4415 chordis
1138 4369 1170 4416 ita
1181 4380 1204 4416 et
1215 4371 1239 4416 iu
1254 4370 1305 4417 aliis
1316 4384 1367 4416 cor·

282 4427 511 4477 puorosmo.
743 4429 836 4486 poribus
854 4431 1021 4484 resonantibus,
1041 4441 1109 4479 tonos
1124 4432 1225 4493 pendere
1240 4450 1255 4481 a
1270 4446 1368 4480 numero

742 4491 897 4539 vibrationum
913 4508 955 4540 seu
971 4494 1152 4543 undulatiouum
1168 4512 1222 4558 qua
1238 4497 1293 4545 dato
1309 4505 1368 4543 tem·

117 4559 172 4601 310.
193 4557 262 4604 Dum
273 4573 354 4619 ooqmr
364 4557 710 4617 sonuumpercutitumremu·
742 4570 798 4615 pure
807 4567 956 4619 peraguntur.

85 4620 122 4666 lus
142 4622 310 4679 particularum
332 4629 406 4666 neotus
427 4636 453 4667 er
474 4622 521 4669 ictu
541 4630 563 4667 et
580 4624 602 4667 ri
620 4615 712 4668 elortirti
775 4619 806 4682 (ἵ)
819 4623 1003 4683 Aliqmeurum
1014 4623 1169 4686 ibunttwt).

86 4693 184 4738 maus,
204 4687 293 4732 maa
308 4686 434 4743 omna.
450 4699 495 4746 pa
509 4686 650 4749 apameam
660 4699 713 4733 ar·
776 4683 811 4747 (⁸)
823 4687 837 4713 ·
852 4686 991 4749 coequat·
1001 4689 1107 4749 ream
1122 4689 1240 4735 namra
1252 4686 1330 4750 (aaut
1422 4716 1426 4723 -
