3322 5738
367 440 428 495 148
674 430 1013 499 PHILOSOPHIAE
1035 429 1307 496 NATURALIS
1381 430 1489 510 [Mor.
1507 432 1658 500 Conrou.

363 605 539 690 pondentes
555 592 622 669 sint
631 617 666 668 ut
680 618 822 688 tempora
836 603 1063 666 oscillationum
1078 614 1224 678 totarum,
1253 603 1296 685 (†)
1309 614 1401 666 erunt
1419 601 1599 667 velocitates
1614 606 1656 670 ad

363 714 496 778 invicem
510 715 542 776 in
557 712 873 797 correspondentibus
896 711 1122 775 oscillationum
1136 711 1289 795 partibus,
1314 724 1349 774 ut
1362 713 1442 774 vires
1457 713 1603 777 motrices
1622 727 1656 779 et

362 836 428 887 tota
457 821 682 885 oscillationum
711 835 852 904 tempora
882 820 998 883 directe
1028 831 1060 882 et
1088 819 1274 903 quantitates
1304 820 1442 882 materiae
1472 821 1651 905 reciproce:

364 929 498 1014 ideoque
509 980 515 996 .,
522 930 707 1013 quantitates
723 930 861 992 materiae
876 941 911 991 ut
925 929 1005 991 vires
1020 939 1052 990 et
1066 926 1296 990 oscillationum
1318 942 1460 1011 tempora
1483 929 1599 994 directe
1618 945 1652 996 et

360 1039 536 1102 velocitates
566 1040 735 1123 reciproce.
781 1040 820 1122 (i)
848 1038 912 1102 Sed
941 1036 1118 1101 velocitates
1142 1037 1300 1120 reciproce
1330 1050 1403 1100 sunt
1428 1051 1464 1100 ut
1493 1051 1646 1123 tempora,

358 1159 451 1231 atque
467 1146 537 1210 ideo
552 1159 693 1231 tempora
707 1146 823 1211 directe
839 1161 869 1210 et
884 1146 1061 1210 velocitates
1085 1144 1243 1229 reciproce
1265 1159 1338 1210 sunt
1352 1160 1387 1210 ut
1401 1147 1552 1232 quadrata
1565 1161 1646 1213 tem·

358 1392 385 1430 ut
395 1382 503 1429 velocitas
513 1381 625 1443 acquisita
635 1383 660 1428 in
674 1382 739 1430 Fest
749 1381 779 1428 ad
791 1381 933 1429 velocitatem
944 1396 981 1428 so·
1014 1378 1082 1424 sitam
1093 1376 1118 1423 in
1136 1376 1159 1424 E
1175 1391 1225 1423 esse
1240 1375 1271 1424 sd
1283 1376 1425 1425 relocitstem
1437 1381 1572 1443 acquisitam
1583 1382 1609 1428 in
1620 1396 1641 1436 e,

356 1447 463 1557 quisitarn
480 1446 533 1492 inf.
569 1447 614 1494 Sed
633 1447 743 1508 quonism
760 1462 827 1493 orcus
847 1445 985 1492 EFetes
1013 1443 1037 1487 in
1049 1441 1137 1487 ratione
1148 1440 1264 1500 reciproci
1275 1451 1405 1501 temporum
1414 1444 1498 1505 quibus
1506 1444 1642 1493 desorbun·

392 1510 415 1557 G
426 1521 450 1557 et
460 1510 473 1556 ἰ
480 1526 497 1572 g
515 1523 570 1557 sunt
584 1510 675 1558 infinite
693 1511 757 1570 parvi
768 1521 792 1556 ct
802 1509 909 1571 aquales.
926 1509 980 1555 uni·
1013 1515 1051 1552 tur
1062 1519 1128 1552 arcus
1141 1505 1163 1552 Ε
1178 1504 1204 1560 F,
1216 1514 1240 1551 et
1250 1521 1264 1552 e
1275 1505 1302 1563 ἡ
1313 1505 1363 1551 linc
1375 1506 1428 1553 vero
1439 1519 1542 1570 tenpore
1552 1525 1603 1558 esse
1613 1519 1641 1556 ut

356 1574 459 1620 formiter
469 1573 565 1620 describi
577 1575 685 1621 censendi
702 1585 763 1629 sunt,
781 1584 804 1620 ct
815 1585 918 1633 ternpore
928 1573 980 1633 qni-

354 1639 399 1684 bus
408 1637 570 1685 deseribuntur
580 1647 648 1684 erunt
658 1639 682 1683 in
693 1637 782 1684 ratione
792 1636 908 1696 reciproce
917 1637 980 1683 velo·

356 1703 461 1755 citatum.
479 1700 577 1762 ideoque
594 1712 686 1761 ternpus
704 1717 752 1763 quo
770 1700 906 1747 describitur
923 1701 979 1748 EF

354 1775 389 1811 est
398 1765 427 1813 ad
439 1774 531 1823 tempus
537 1779 584 1825 quo
590 1764 726 1811 describitur
736 1765 775 1820 ef,
787 1775 814 1811 ut
820 1764 927 1811 velocitas
935 1765 980 1812 ine

353 1827 382 1876 sd
390 1828 780 1889 velocitaterninE.ettempusquo
787 1828 921 1874 describiutr
929 1829 948 1874 F
955 1829 978 1876 G

352 1902 387 1939 cst
394 1893 424 1938 sd
435 1902 527 1952 ternpus
534 1907 581 1954 quo
587 1891 722 1939 describitur
732 1893 746 1937 t
749 1909 774 1966 q,
782 1903 809 1938 ut
816 1891 922 1938 velocitas
933 1894 957 1938 in
968 1892 983 1938 i

352 1956 382 2002 sd
391 1955 533 2002 relocitstem
546 1956 570 2001 in
582 1956 608 2007 F.
620 1958 661 2002 &c
673 1956 819 2002 sedrattorm
830 1955 977 2002 velocitatum

351 2020 376 2066 in
387 2019 470 2076 Este,
480 2021 504 2065 in
516 2019 639 2076 Fetsslrc.
653 2019 977 2081 mrrtsempernquslesinter

350 2099 383 2138 se,
395 2098 451 2145 ergo
461 2092 485 2130 et
495 2083 594 2130 mtioues
604 2094 735 2144 temporum
746 2100 799 2146 quoe
809 2083 906 2130 istorum
922 2094 977 2131 snut

351 2147 509 2194 invenerunt
519 2146 618 2208 aequales
627 2148 686 2194 inter
695 2163 735 2205 se;
746 2163 803 2210 ergo
810 2157 914 2207 tempora
923 2148 976 2210 qui-

350 2213 394 2258 bus
401 2211 500 2272 singulte
511 2223 586 2270 partes
596 2226 664 2258 arcus
674 2212 699 2258 D
712 2213 732 2260 C
743 2211 911 2268 describuntur,
920 2222 976 2259 sunt

350 2273 378 2321 ω’
391 2285 494 2333 tempora
504 2274 588 2335 quibus
599 2275 803 2335 correspondentes
816 2284 894 2335 partes
908 2291 976 2323 arcus

349 2337 366 2384 d
376 2353 390 2384 c
400 2337 568 2394 describuntur,
580 2339 605 2384 in
616 2339 698 2386 eidem
708 2341 805 2395 ratione,
821 2353 878 2401 ergo
893 2355 975 2386 omues

349 2402 512 2449 antecedentes
522 2413 545 2449 ct
556 2417 637 2448 ornnes
647 2414 814 2465 consequentes
824 2402 972 2459 summando,

348 2466 427 2512 otonis
437 2466 507 2512 simul
516 2477 619 2526 ternpore
626 2467 712 2527 quibus
720 2476 886 2526 percurruntur
893 2481 974 2514 munes

346 2527 499 2591 pertes'srcua
512 2530 536 2576 D
546 2531 573 2586 (¹,
586 2531 630 2575 hoc
640 2540 681 2585 est,
693 2541 770 2576 totum
780 2541 872 2590 tempus
882 2530 973 2577 oscilla-

348 2593 417 2639 tionis
427 2607 468 2651 per
487 2593 511 2638 D
525 2593 553 2647 C,
572 2603 607 2638 est
624 2592 654 2639 sd
672 2595 752 2639 omnis
769 2604 873 2653 tempore
888 2594 973 2655 quibus

348 2665 423 2715 partes
433 2670 499 2702 arcos
510 2655 550 2702 dc
561 2668 734 2716 percurruntur,
751 2659 795 2704 hoc
811 2667 845 2704 est
854 2658 886 2704 sd
897 2669 972 2705 toturn

347 2729 439 2779 ternpus
457 2718 607 2765 oscillationis
625 2735 667 2778 per
684 2720 701 2766 d
712 2736 725 2767 c
744 2729 771 2767 ut
788 2731 880 2780 tempus
895 2735 971 2767 unum

346 2781 652 2844 qrsoquadampsrssrcus
665 2784 690 2831 D
703 2784 723 2832 C
736 2785 971 2843 percurritunesead

346 2855 438 2905 tempus
448 2860 495 2906 quo
504 2861 555 2957 μὲι
565 2846 745 2908 correspondens
755 2862 822 2893 arcru
832 2848 867 2894 dc
878 2863 970 2909 percon

345 2909 411 2956 titur.
449 2910 480 2963 Q
492 2925 512 2955 e.

377 3013 416 3076 (l)
428 3016 510 3064 Erunt
521 3017 646 3064 edacitates
655 3020 688 3064 ad
697 3020 794 3066 inuicem
805 3020 830 3067 in
841 3035 971 3082 correspm·

346 3080 450 3126 dentibus
461 3081 628 3128 oscidatioaam
635 3084 750 3142 partibas.
763 3092 791 3130 ut
802 3085 857 3130 vires
868 3088 970 3131 metrices

346 3151 368 3189 et
379 3150 425 3189 tote
436 3145 606 3192 sartationum
615 3154 716 3207 tempora
727 3146 809 3194 directi
820 3156 842 3194 et
852 3151 969 3210 quontita-

343 3215 377 3254 tss
386 3209 489 3254 materia
500 3207 618 3268 nciprooe'.
639 3213 651 3238 ⁸
663 3210 700 3256 Es
707 3209 901 3258 demonstratione
908 3223 969 3258 notes

344 3270 467 3330 mperioris
477 3270 551 3334 liquet
561 3271 693 3321 velocitates
703 3273 729 3320 in
739 3274 970 3336 conespondentibus
992 3297 994 3303 ·

344 3334 446 3392 partibus
456 3349 505 3383 esse
515 3351 598 3383 omnes
607 3337 633 3382 iu
643 3337 725 3386 eidem
733 3338 828 3395 ratione,
836 3336 970 3401 ideoqueut

343 3396 451 3445 velocitas
467 3399 578 3460 acquisita
588 3400 613 3446 in
631 3401 654 3448 E
673 3401 703 3449 srl
714 3401 858 3450 velocitatem
869 3402 966 3466 acquisi-

343 3469 390 3507 tsut
409 3460 470 3518 ine,
490 3463 531 3510 sed
550 3463 603 3510 cdrn
622 3479 689 3512 arcus
707 3465 968 3514 DEetdeinflnitti

342 3525 580 3585 pervisupponsntun
592 3528 734 3576 censendum
742 3541 784 3587 est,
797 3531 855 3578 vires
862 3531 968 3578 motrices

342 3588 489 3637 estromiter
500 3606 577 3651 egere,
594 3591 651 3638 dum
662 3592 696 3639 illi
707 3609 774 3641 arcus
784 3604 952 3655 percurruntur
958 3613 965 3654 ς

341 3662 420 3700 motus
430 3669 486 3715 ergo
496 3670 538 3715 per
548 3670 587 3701 ees
598 3656 723 3714 productus
731 3668 816 3705 crescet
827 3669 874 3705 tarn
882 3674 966 3718 prora·

341 3715 405 3765 flasse
415 3717 500 3765 virium
511 3719 518 3763 i
572 3734 613 3765 um
626 3719 697 3781 quim
707 3736 749 3782 pro
760 3723 847 3769 munuc
857 3722 967 3783 ternporis

341 3782 501 3842 qtrosrcusilli
529 3783 675 3830 esuibuntur
685 3784 732 3831 sive
744 3786 783 3848 (es
791 3785 964 3848 demonstretis)

341 3856 383 3904 pro
392 3846 481 3894 ntions
490 3856 624 3908 temporum
632 3848 802 3895 oscillstionum
812 3849 963 3914 integrarum,

341 3919 418 3957 motus
428 3909 518 3960 mdes
529 3912 584 3961 nst.
597 3917 620 3959 2.
631 3912 684 3960 Lib.
700 3913 721 3960 Ι.
734 3913 883 3960 &mature
893 3915 964 3962 Nest-

341 3979 396 4017 tono
410 3988 440 4020 ex
455 3976 575 4025 velocitate
590 3986 614 4024 et
629 3977 726 4025 maurit
741 3978 890 4041 conjunctim,
907 3995 965 4043 ergo

340 4033 469 4109 'sladum
479 4041 597 4099 producta
607 4041 633 4088 in
643 4045 869 4104 eonespondentibsts
876 4048 963 4092 osella·

340 4102 430 4172 Quas
445 4107 550 4162 partibas
566 4115 636 4154 mat
646 4116 673 4154 et
689 4109 748 4155 eires
763 4110 867 4156 notrices
877 4118 900 4155 et
916 4117 963 4157 toto

339 4163 505 4237 winusus
519 4179 621 4228 tenpore
636 4172 720 4220 directe
730 4181 752 4219 ct
762 4175 902 4234 queritilutes
912 4191 963 4221 nta-

338 4231 401 4272 toetae
411 4231 503 4276 mara.

401 4321 433 4382 )’
444 4327 487 4372 Sed
497 4329 681 4381 odoeitatestuset
689 4337 803 4398 reciproce
813 4345 840 4384 ut
850 4346 958 4400 tommo.

339 4386 353 4417 ⁰
390 4386 576 4463 xdemonstrstis
591 4394 633 4455 (sd
650 4407 727 4444 notem
743 4401 884 4458 superiorem
897 4401 915 4461 ¹)
933 4402 960 4448 li-

337 4461 392 4515 quet
408 4451 551 4529 velocitatem
562 4457 695 4532 acquisitsm
706 4461 731 4505 in
745 4462 826 4536 {lesse
835 4463 960 4521 sdreloci-
992 4482 1097 4537 mm
1102 4478 1423 4550 mmmmm„
1440 4491 1503 4539 unde
1511 4492 1619 4541 ,ἀπίω

336 4524 408 4563 “¹¹³¹
423 4528 558 4591 ⁸⁰¹l¹¹¹⁸¹¹⁸¹¹¹
574 4534 598 4566 ¹¹¹
615 4535 629 4566 θ
646 4532 672 4567 ¹¹¹
686 4524 798 4633 :3¹⁰3ss
811 4527 920 4588 'Quill'
935 4531 960 4577 ¹¹¹
992 4541 1103 4602 squidu
1113 4542 1138 4589 in
1149 4557 1237 4604 macto
1246 4551 1329 4610 quovis
1338 4567 1406 4599 neus
1419 4524 1444 4602 l)
1455 4558 1482 4612 C,
1493 4566 1528 4602 est
1538 4556 1568 4603 sd
1579 4573 1618 4605 rc.

727 4602 739 4630 r
763 4599 871 4638 ocrtstern
942 4596 960 4634 ¹.
1031 4603 1038 4615 ·
1189 4607 1195 4620 ·
1209 4612 1214 4623 ·
1284 4615 1290 4627 ·
