3322 5738
120 406 233 471 Lmru
251 403 418 478 Saeuum]
466 399 709 466 PRINCIPIA
739 399 1112 466 MATHEMATICA.
1354 408 1409 467 151

118 578 153 642 D
168 577 217 641 vel
233 576 254 638 d
270 576 319 639 vel
336 575 364 639 E
388 576 427 659 (ἢ)
443 587 480 638 ut
501 574 664 659 longitudo
679 596 770 638 arcus
787 576 815 638 C
830 574 864 636 D
887 573 935 635 vel
953 574 980 636 C
995 573 1017 635 d
1032 573 1080 635 vel
1098 574 1126 636 C
1144 574 1180 637 E.
1228 542 1414 658 Exponatui·

119 686 165 746 vis
179 683 233 745 illa
247 704 305 764 per
320 681 454 744 eundem
469 703 594 756 ercum3
610 693 727 744 etcum
743 680 917 743 resistentia
933 679 972 741 sit
988 691 1022 741 ut
1045 692 1237 742 momentum
1254 680 1411 764 temporis,

118 791 251 875 ideoque
267 789 368 864 detur,
392 802 569 872 exponatur
583 789 692 851 eadem
707 811 764 872 per
778 787 885 851 datam
898 809 989 852 arcus
1010 788 1158 872 cycloidis
1180 804 1300 872 partem
1325 790 1353 852 C
1369 787 1411 866 Ο,

119 910 151 961 et
165 908 305 960 sumatur
319 916 410 958 arcus
426 895 495 958 od
510 895 673 957 iuratione
688 894 728 957 ad
744 916 851 957 arcum
869 894 896 956 C
912 894 946 957 D
962 917 1055 978 quam
1067 893 1161 956 habet
1175 916 1264 955 arcus
1281 896 1312 957 0
1329 895 1357 957 B
1372 895 1412 958 ad

119 1025 227 1069 arcum
244 1002 271 1065 C
289 1002 335 1065 B:
359 1014 390 1064 et
402 1001 447 1064 vis
463 1001 524 1086 qud
540 1023 653 1084 corpus
669 1002 701 1063 in
716 1001 738 1064 d
754 1013 883 1087 urgetur
904 1003 938 1063 in
959 1002 1064 1064 medio
1079 1005 1252 1078 resistente,
1280 1024 1351 1064 cum
1374 1003 1412 1067 sit

119 1135 264 1179 excessus
288 1112 334 1175 vis
362 1112 390 1175 C
410 1112 432 1174 d
456 1135 551 1196 supra
574 1111 782 1174 resistentiam
809 1110 895 1186 CO,
922 1125 1097 1195 exponetur
1118 1134 1177 1195 per
1200 1134 1308 1175 arcum
1333 1113 1365 1176 Ο
1380 1112 1411 1190 d,

119 1223 253 1306 ideoque
267 1219 327 1283 erit
342 1218 383 1281 ed
397 1219 469 1296 vim,
486 1219 547 1305 qud
563 1240 677 1302 corpus
694 1220 728 1282 D
744 1232 873 1304 urgetur
888 1220 920 1281 in
935 1220 1040 1282 medio
1054 1241 1119 1282 non
1131 1221 1292 1284 resistente
1302 1221 1334 1284 in
1343 1221 1413 1285 loco

119 1330 164 1408 D,
184 1339 220 1392 ut
234 1347 324 1390 arcus
340 1325 374 1389 Ο
387 1326 409 1389 d
423 1326 464 1389 ad
479 1347 586 1390 arcum
604 1326 631 1388 C
647 1326 699 1401 D;
724 1338 756 1389 et
770 1339 937 1410 propterea
951 1325 1044 1389 etiam
1066 1326 1099 1388 in
1121 1326 1191 1388 loco
1215 1327 1243 1389 B
1267 1342 1302 1391 ut
1323 1350 1413 1391 arcus

123 2840 153 2903 0
171 2839 199 2903 B
214 2841 253 2903 ad
269 2861 377 2904 arcum
395 2839 423 2901 C
440 2836 478 2900 Β.
526 2835 664 2901 Proinde
680 2834 706 2897 si
721 2855 853 2918 corpora
869 2834 942 2911 duo,
959 2833 1004 2911 D,
1021 2835 1043 2898 d
1059 2851 1173 2901 exeant
1188 2839 1227 2902 de
1242 2839 1312 2903 loco
1330 2840 1368 2916 B,
1384 2851 1416 2905 et

119 2946 167 3009 his
192 2947 309 3010 viribus
331 2957 519 3033 urgeantur:
546 2965 618 3006 cum
640 2943 721 3005 vires
745 2943 803 3005 sub
825 2942 914 3005 initio
937 2943 999 3006 sint
1015 2956 1049 3007 ut
1064 2967 1153 3009 arcus
1172 2947 1244 3010 CB
1266 2960 1298 3010 et
1320 2946 1351 3012 O
1369 2947 1414 3022 B;

120 3054 157 3133 (¹)
173 3066 264 3115 erunt
288 3052 467 3115 velocitates
490 3050 601 3134 prima·
625 3061 656 3112 et
681 3071 772 3111 arcus
797 3048 901 3131 primo
925 3048 1072 3133 descripti
1096 3051 1128 3111 iu
1150 3051 1258 3114 eddem
1283 3052 1413 3118 ratione.

122 3161 225 3220 Sunto
241 3180 330 3220 arcus
345 3157 390 3219 illi
408 3158 435 3220 B
451 3157 496 3232 D,
512 3167 544 3218 et
561 3156 589 3218 B
604 3154 637 3231 d,
654 3177 745 3217 arcus
760 3153 871 3239 reliqui
889 3153 917 3216 C
934 3155 977 3230 D,
996 3153 1170 3218 Oderunt
1191 3158 1221 3218 iu
1243 3156 1352 3221 elidem
1367 3180 1415 3221 ra·

121 3266 215 3329 tione.
253 3266 398 3330 =Proinde
415 3267 505 3343 vires,
530 3264 603 3348 ipsis
620 3264 649 3328 C
664 3264 708 3341 D,
727 3262 758 3327 O
774 3263 795 3325 d
810 3263 1059 3348 proportionales
1073 3265 1244 3328 manebunt
1258 3267 1291 3328 in
1306 3266 1415 3331 elidem

121 3372 242 3435 ratione
258 3395 293 3436 ac
309 3374 367 3436 sub
382 3372 480 3448 initio,
494 3383 527 3435 et
540 3381 707 3454 propterea
721 3391 853 3453 corporo
867 3381 1001 3457 pergent
1015 3391 1105 3433 arcus
1121 3371 1152 3432 in
1175 3370 1283 3434 eidem
1297 3373 1415 3438 ratione

119 3478 213 3541 simul
242 3479 425 3542 describere.
472 3478 575 3565 Igitur
597 3478 679 3541 vires
701 3489 732 3541 et
754 3477 932 3540 velocitates
955 3490 986 3541 et
1000 3500 1091 3541 arcus
1113 3478 1223 3565 reliqui
1241 3482 1269 3544 C
1285 3482 1329 3558 D,
1348 3481 1415 3546 Od

121 3607 245 3668 semper
271 3596 363 3647 erunt
387 3598 422 3647 ut
447 3607 538 3648 arcus
562 3583 620 3646 toti
647 3582 730 3659 CB,
759 3581 845 3659 OB,
871 3595 902 3646 et
927 3597 1095 3668 propterea
1118 3608 1207 3648 arcus
1232 3586 1276 3649 illi
1303 3587 1414 3673 reliqui

120 3691 157 3774 (⁸)
174 3690 266 3753 simul
283 3690 507 3754 describentur.
556 3689 663 3764 Quare
679 3710 812 3772 corpora
825 3689 889 3753 duo
905 3690 949 3767 D,
962 3690 983 3753 d
995 3691 1085 3754 simul
1097 3693 1280 3775 pervenient
1294 3693 1333 3756 ad
1345 3693 1414 3757 loca

121 3797 194 3859 Cet
209 3797 251 3872 0,
268 3797 401 3860 alterum
416 3798 542 3882 quidem
558 3797 591 3859 in
605 3798 711 3861 medio
725 3820 790 3861 non
806 3800 966 3863 resistente
988 3800 1029 3863 ed
1050 3801 1154 3864 locum
1172 3802 1209 3878 C,
1235 3816 1266 3865 et
1281 3803 1414 3866 alterum

119 3905 152 3966 in
166 3904 270 3967 medio
285 3905 446 3968 resistente
461 3905 502 3967 ad
516 3904 620 3967 locum
638 3903 679 3968 0.
726 3904 808 3968 Cum
832 3919 936 3969 autem
959 3907 1136 3970 velocitates
1159 3908 1191 3968 in
1216 3908 1290 3971 Cet
1306 3907 1337 3972 Ο
1353 3908 1416 3973 sint

119 4025 154 4073 ut
168 4032 259 4073 arcus
276 4011 304 4073 C
322 4009 360 4087 B,
378 4011 475 4086 0133
498 4022 591 4074 erunt
603 4032 715 4087 arcus,
740 4032 818 4095 quos
840 4031 972 4095 corpora
994 4012 1124 4075 ulterius
1138 4013 1300 4100 pergendo
1322 4015 1416 4081 simul

119 4117 309 4194 describunt,
326 4118 361 4201 (²)
378 4117 409 4179 in
424 4117 536 4180 eddem
551 4118 681 4181 ratione.
727 4118 828 4181 Sunto
842 4115 888 4178 illi
904 4117 933 4181 C
949 4118 978 4181 Ε
993 4131 1024 4181 et
1039 4119 1071 4183 O
1086 4142 1113 4184 e.
1152 4120 1209 4184 Vis
1225 4123 1286 4207 qud
1301 4145 1415 4211 corpus

154 4288 188 4348 (³)
205 4292 447 4350 Uttongr'tudmrrar,
456 4291 499 4337 &c
520 4290 568 4336 Per
577 4289 755 4338 demonstratio-
787 4305 828 4351 per
841 4290 861 4337 C
875 4290 897 4337 B
908 4289 938 4337 ed
951 4290 974 4338 0
988 4292 1018 4348 B,
1031 4302 1058 4338 ut
1071 4292 1091 4340 C
1104 4293 1129 4340 D
1140 4293 1171 4340 ed
1184 4294 1207 4342 0
1218 4293 1249 4352 d;
1266 4307 1416 4344 ermescente

123 4366 177 4399 uem
191 4352 260 4413 Prop.
276 4353 321 4399 Ll.
336 4364 359 4400 et
372 4355 426 4401 Cor.
441 4360 463 4401 ⁶2.
480 4354 550 4414 Prop
566 4354 629 4400 Lll.
645 4353 699 4401 Lib.
715 4354 736 4401 l.
787 4370 843 4402 arcu
856 4354 879 4402 0
891 4354 914 4409 d,
926 4366 1046 4402 evanescet
1056 4357 1125 4404 etiem
1136 4373 1205 4405 arcus
1217 4358 1238 4407 C
1249 4360 1281 4415 D,
1293 4376 1333 4406 seu
1341 4373 1415 4419 punc·

156 4415 188 4476 (¹)
201 4420 213 4445 '
227 4419 310 4465 Erunt
317 4420 443 4466 velocitates
450 4421 542 4479 prima,
554 4419 597 4464 &c-
619 4418 690 4474 Nem,
698 4416 753 4465 dcto
786 4429 837 4466 tum
849 4418 865 4465 d
876 4433 931 4465 cum
944 4419 976 4475 0,
991 4431 1014 4467 et
1027 4421 1051 4468 D
1063 4436 1117 4468 cum
1130 4422 1150 4469 C
1161 4423 1231 4469 simul
1242 4423 1380 4470 coincident-

122 4478 231 4539 temporir
249 4491 376 4536 momento,
399 4481 529 4529 velocitates
544 4480 632 4544 genite
649 4491 705 4529 suot
720 4493 749 4529 ut
819 4482 1011 4546 l‘)'1neddem
1022 4487 1116 4533 melone.
1156 4487 1216 4533 Sunt
1233 4487 1296 4533 euim
1308 4484 1415 4533 velocita-

122 4543 183 4653 guoe:
195 4544 419 4655 qtsqukrbqulat
434 4545 550 4669 inspuit
570 4545 686 4608 descripte
703 4547 756 4610 (per
787 4555 836 4655 εἰ
847 4547 1143 4660 utspeetgeiodmmpods
1157 4547 1414 4661 monimentum,

174 4638 181 4652 .
213 4641 219 4652 .
341 4640 348 4656 .
386 4622 394 4654 ι
448 4639 455 4653 .
851 4623 878 4655 ιιι
892 4624 916 4656 m
1045 4628 1076 4659 ea
1125 4628 1180 4663 uem
1190 4628 1216 4660 ιιι
1314 4626 1364 4661 nott
1377 4628 1415 4662 re·

154 4669 188 4736 (⁸)
202 4675 214 4701 ⁹
227 4672 305 4719 Sinera
314 4673 477 4721 &amittatur-
503 4671 640 4728 Ωιιὶιοιιίιιι
651 4681 754 4722 estem
787 4671 881 4721 sistente
892 4673 957 4736 (u.)
1109 4631 1124 4677 q
