3322 5738
280 466 343 524 118
603 454 944 521 PHILOSOPHIAE
965 454 1236 520 NATURALIS
1281 453 1390 532 [Mor.
1407 452 1569 517 Coacon.

280 633 320 699 17
347 638 380 691 et
413 634 463 704 18,
499 624 707 690 describentes
743 623 938 688 altitudinem
973 622 1090 706 pedum
1124 622 1302 707 quindecim
1330 634 1363 686 et
1391 620 1571 707 digitorum

279 730 422 795 duorum.

319 839 383 904 Per
414 837 566 902 theoriam
598 837 709 901 cadere
740 836 915 903 debuerunt
944 850 1086 923 tempore
1118 836 1346 902 oscillationum
1379 845 1420 902 15
1449 856 1569 922 quam·

276 948 429 1032 proxima

319 1058 433 1138 Erper.
450 1061 480 1121 7.
526 1052 622 1117 Globi
644 1064 778 1138 quatuor
798 1052 938 1138 pondere
955 1057 1039 1133 1931
1053 1073 1142 1139 gran.
1157 1053 1191 1115 in
1205 1055 1278 1117 aire
1291 1064 1324 1116 et
1340 1056 1400 1134 353
1414 1073 1509 1138 gran.
1530 1054 1569 1117 in

277 1159 356 1245 aqua
372 1181 455 1243 saepe
470 1158 605 1234 demissi,
630 1159 782 1224 cadebant
802 1172 942 1245 tempore
957 1159 1184 1225 oscillationum
1199 1162 1272 1239 191,
1290 1167 1340 1235 30,
1358 1162 1432 1239 301,
1449 1167 1505 1237 31,
1521 1168 1568 1226 32

281 1280 313 1332 et
335 1277 386 1343 33,
410 1267 620 1332 describentes
644 1266 839 1331 altitudinem
864 1268 981 1351 pedum
1003 1267 1181 1354 quindecim
1206 1279 1238 1330 et
1260 1266 1349 1354 digiti
1375 1268 1467 1331 unius
1491 1290 1568 1334 cum

278 1375 414 1439 semisse.

320 1487 383 1552 Per
412 1483 564 1548 theoriam
598 1458 709 1546 cadere
739 1482 914 1545 debuerunt
946 1491 1087 1563 tempore
1118 1479 1346 1544 oscillationum
1375 1489 1417 1546 18
1452 1504 1566 1568 quam·

277 1592 431 1679 proxime.

321 1701 456 1765 Causam
471 1696 685 1782 investigando
700 1716 755 1758 cur
768 1695 943 1782 globorum,
959 1696 1098 1781 ejusdem
1112 1697 1261 1780 ponderis
1279 1711 1312 1763 et
1326 1699 1567 1785 magnitudinis,

277 1809 374 1894 aliqui
389 1808 479 1870 citius
494 1807 546 1869 alii
561 1806 679 1868 tardius
701 1805 856 1882 caderent,
879 1806 912 1869 in
926 1806 1009 1869 hanc
1023 1805 1117 1869 incidi
1126 1828 1135 1881 ;
1158 1806 1243 1891 quod
1257 1806 1343 1894 globi
1360 1807 1411 1871 ubi
1427 1808 1569 1891 primum

277 1918 520 1983 deuiittebantur
534 1928 566 1980 et
580 1915 691 1979 cadere
706 1915 904 2000 incipiebant,
928 1915 1106 1979 oscillarent
1119 1916 1237 1978 circum
1259 1928 1376 1992 centra,
1399 1916 1498 1982 latere
1513 1919 1569 1982 illo

277 2022 362 2108 quod
376 2022 455 2087 forte
469 2021 593 2108 gravius
608 2034 689 2086 esset
702 2022 839 2106 primum
854 2006 1071 2098 descendente,
1094 2034 1125 2085 et
1139 2035 1259 2086 motum
1274 2023 1498 2087 oscillatorium
1512 2048 1569 2113 ge-

277 2141 416 2195 nerante.
462 2128 545 2192 Nam
559 2151 618 2213 per
631 2128 838 2192 oscillationes
861 2150 932 2192 suas
947 2128 1058 2215 globus
1080 2130 1228 2213 majorem
1250 2143 1370 2194 motum
1392 2135 1569 2197 communi·

277 2250 328 2303 cat
348 2260 448 2324 aquae,
475 2261 569 2325 quam
591 2238 618 2301 si
640 2238 707 2302 sine
728 2236 973 2301 oscillationibus
996 2236 1218 2313 descenderet3
1243 2252 1276 2301 et
1294 2241 1568 2320 communicanda,

278 2344 390 2409 amittit
410 2357 531 2428 partem
553 2343 655 2409 metris
676 2343 873 2428 propriique
894 2342 1083 2408 descendere
1097 2343 1241 2408 deberet:
1263 2358 1295 2409 et
1308 2367 1367 2429 pro
1382 2349 1503 2432 majore
1518 2351 1570 2414 vel

279 2450 399 2514 minore
409 2449 610 2526 oscillatione,
627 2449 726 2535 magis
741 2448 790 2511 vel
801 2448 904 2511 minus
918 2447 1103 2511 retardatur.
1138 2448 1316 2523 Quinetiam
1328 2450 1441 2537 globus
1457 2455 1570 2519 recidit

278 2578 428 2640 sempera
439 2556 534 2620 latere
549 2577 606 2618 suo
620 2554 704 2638 quod
719 2576 777 2638 per
791 2554 1014 2619 oscillationem
1028 2554 1197 2631 descendit,
1214 2570 1246 2619 et
1260 2558 1437 2622 recedendo
1451 2581 1570 2646 appro-

278 2668 409 2753 pinquat
423 2666 570 2730 lateribus
579 2666 659 2730 vasis
668 2678 700 2729 et
713 2667 746 2728 in
760 2665 858 2729 latera
871 2685 1094 2750 nonnunquam
1108 2664 1299 2751 impingitur.
1334 2667 1376 2731 Et
1390 2667 1460 2733 haec
1475 2672 1568 2735 oscil-

278 2772 353 2837 latio
367 2774 399 2836 in
415 2774 515 2859 globis
537 2772 730 2859 gravioribus
752 2770 861 2834 fortior
882 2784 938 2848 est,
961 2772 993 2833 in
1015 2771 1183 2854 majoribus
1203 2795 1315 2858 aquam
1336 2779 1436 2863 magis
1459 2781 1568 2867 agitat.

280 2880 491 2966 Quapropter,
518 2893 553 2943 ut
574 2878 725 2943 oscillatio
749 2878 915 2964 globorum
933 2880 1035 2943 minor
1054 2879 1246 2958 redderetur,
1274 2883 1386 2969 globos
1405 2906 1503 2951 novos
1526 2912 1570 2953 ex

279 2989 349 3053 ceri
375 3001 407 3052 et
429 2988 559 3071 plumbo
582 2985 752 3064 construxi,
782 2985 943 3073 infigendo
967 2986 1131 3072 plumbum
1157 2988 1191 3051 in
1216 2988 1296 3053 latus
1321 2989 1449 3075 aliquod
1477 2991 1568 3079 globi

279 3115 378 3180 prope
392 3092 588 3176 superficiem
603 3094 687 3177 ejus3
701 3105 732 3157 et
746 3091 874 3178 globum
889 3093 932 3156 ita
946 3093 1068 3172 demisi,
1085 3107 1120 3158 ut
1133 3093 1214 3158 latus
1228 3095 1364 3181 gravius,
1380 3101 1484 3181 quoad
1496 3102 1569 3165 fieri

279 3201 390 3287 potuit,
417 3212 497 3265 esset
522 3200 664 3279 infimum
686 3200 726 3263 ab
746 3199 834 3263 initio
856 3198 1033 3265 descensus.
1080 3200 1133 3265 Sic
1155 3200 1362 3267 oscillationes
1381 3202 1472 3268 factoe
1494 3223 1570 3272 sunt

280 3311 379 3375 midto
393 3311 528 3374 minores
543 3331 638 3395 quam
651 3310 749 3394 prius,
765 3322 797 3373 et
811 3309 896 3395 globi
912 3310 1103 3394 temporibus
1117 3311 1220 3375 minus
1231 3312 1435 3397 inaequalibus
1444 3317 1569 3381 oecide-

281 3433 364 3495 runt,
380 3420 462 3483 utin
477 3419 698 3503 experimentis
713 3419 922 3504 sequentibus.

324 3533 439 3611 Erper.
456 3540 486 3594 8.
519 3529 615 3594 Globi
631 3542 773 3614 quatuor,
789 3528 928 3613 pondere
941 3550 1111 3615 granorum
1123 3529 1225 3596 139in
1239 3533 1311 3595 aiire
1326 3544 1357 3596 et
1372 3537 1412 3614 61
1428 3535 1462 3599 in
1473 3538 1568 3621 aquil,

281 3660 366 3726 serpe
378 3640 514 3718 demissi,
530 3640 707 3705 ceciderunt
722 3641 914 3724 temporibus
929 3639 1156 3703 oscillationum
1171 3662 1235 3704 non
1249 3641 1386 3725 plurium
1401 3666 1495 3729 qaam
1510 3657 1566 3726 51,

281 3772 345 3814 non
359 3750 540 3835 pauciorum
562 3771 655 3836 quam
678 3759 730 3825 50,
754 3761 787 3813 et
806 3739 942 3812 maxima
956 3769 998 3812 ex
1012 3762 1100 3831 parte
1113 3762 1255 3833 tempore
1274 3750 1498 3816 oscillationum
1521 3765 1562 3819 51

282 3860 412 3936 circiter,
428 3859 637 3923 describentes
652 3859 846 3923 altitudinem
861 3859 1031 3946 digitorum
1049 3867 1119 3924 181.

327 3967 389 4029 Per
403 3966 554 4030 theoriam
570 3966 681 4030 cadere
696 3966 871 4030 debuerunt
887 3979 1028 4049 tempore
1042 3965 1271 4031 oscillationum
1288 3976 1329 4033 51
1344 3969 1476 4033 circiter.

324 4074 439 4153 Erper.
455 4083 485 4137 9.
515 4074 613 4137 Globi
634 4086 777 4159 quatuor,
803 4073 944 4156 pondere
964 4094 1134 4159 granorum
1149 4073 1232 4150 1731
1247 4074 1279 4137 in
1294 4078 1365 4139 ai‘re
1380 4090 1412 4140 et
1428 4077 1508 4154 1101
1535 4078 1573 4142 in

280 4174 371 4262 aquai,
396 4178 508 4260 soepius
528 4178 664 4256 demissi,
691 4181 870 4245 ceciderunt
892 4179 1083 4263 temporibus
1104 4181 1331 4246 oscillationmn
1353 4207 1415 4246 non
1438 4186 1573 4267 paucio-

281 4303 352 4347 rum
368 4303 461 4367 quam
479 4292 529 4359 11,
545 4306 609 4348 non
625 4286 761 4369 plurium
777 4306 870 4370 quam
890 4293 939 4360 13,
957 4285 1165 4350 describentes
1180 4286 1374 4353 altitudinem
1396 4290 1574 4376 digitorum

285 4398 357 4456 182.

325 4497 387 4562 Per
408 4495 559 4561 theoriam
582 4497 657 4559 verb
678 4498 711 4559 hi
732 4498 818 4585 globi
841 4500 952 4566 cadere
974 4499 1150 4566 debuerunt
1175 4516 1314 4589 tempore
1340 4506 1573 4575 oscillationum

284 4604 343 4683 111
359 4602 604 4691 quamproxime

324 4712 439 4794 Erpa:
459 4719 506 4776 10.
540 4710 646 4799 Globi,
657 4724 799 4798 quatuor,
823 4713 961 4798 pondere
983 4737 1152 4802 granorum
1168 4730 1230 4785 384
1245 4721 1278 4785 in
1292 4725 1363 4787 aere
1378 4736 1409 4788 et
1426 4731 1508 4807 ¹¹9l
1534 4729 1571 4793 in
