3322 5738
124 433 238 498 Lraan
255 433 418 510 Saeuum]
450 431 689 496 PRINCIPIA
713 430 1079 499 MATHEMATICA.
1339 446 1401 504 lau

170 605 269 667 Corol.
286 610 315 664 2.
342 603 375 666 Si
384 603 429 665 vis
440 604 609 686 centripeta
620 603 659 665 sit
669 601 826 686 reciprocd
841 616 876 667 ut
892 605 915 668 S
928 606 955 668 P
969 606 1039 668 cub.
1056 609 1090 688 (¹)
1100 607 1182 669 eritl
1198 645 1241 658 -
1251 613 1270 690 ᾗ
1280 630 1302 670 n
1318 633 1349 667 =
1363 630 1400 683 ος

124 710 258 794 ideoque
278 709 451 772 resistentia
464 722 496 772 et
509 709 645 773 densitas
666 709 761 773 medii
781 709 868 772 nulla
889 710 957 787 erit,
980 724 1015 774 ut
1029 712 1062 773 in
1079 712 1295 796 Propositione
1317 713 1400 778 nond

126 817 216 883 Libri
230 816 332 901 primi.
360 888 362 895 ¹
1289 901 1291 905 ι

171 926 268 989 Corol.
285 933 317 988 3.
342 923 374 988 Si
390 925 436 986 vis
451 923 620 1007 centripeta
634 922 674 986 sit
687 922 844 1006 reciproci
858 935 894 986 ut
908 922 1041 1009 dignitas
1056 922 1159 1008 aliqua
1172 923 1250 986 radii
1267 925 1290 988 S
1306 925 1333 989 P
1347 948 1401 990 cn·

89 1100 91 1104 ,
120 1033 174 1117 jus
195 1031 290 1095 index
311 1043 364 1116 est
379 1033 477 1115 major
498 1051 629 1094 numero
651 1038 681 1107 8,
713 1029 884 1093 resistentia
909 1028 1089 1091 affirmativa
1112 1029 1147 1111 (ἢ
1170 1029 1202 1091 in
1227 1032 1401 1116 negativam

127 1137 305 1200 mutabitur.

688 1444 841 1510 Scholium.

176 1678 329 1742 Caeterum
343 1675 412 1738 haec
431 1672 609 1758 Propositio
624 1685 656 1736 et
666 1671 850 1755 superiores,
864 1692 933 1755 quae
943 1670 984 1733 ad
995 1670 1096 1734 media
1106 1672 1296 1757 inaequaliter
1307 1674 1402 1739 densa

129 1798 275 1870 spectant,
300 1783 506 1871 intelligendae
528 1793 600 1844 sunt
613 1780 653 1844 de
668 1797 755 1842 motu
771 1801 937 1862 oorporum
951 1779 1029 1842 adei)
1050 1802 1226 1864 parvorum,
1252 1795 1287 1846 ut
1307 1783 1402 1846 medii

129 1914 168 1954 ex
183 1914 245 1955 uno
260 1891 397 1974 corporis
413 1889 508 1952 latere
529 1889 628 1972 major
643 1885 775 1949 densitas
798 1882 889 1970 qutim
911 1906 951 1946 ex
972 1883 1069 1947 altero
1090 1907 1153 1948 non
1179 1887 1403 1952 consideranda

129 1998 238 2060 veniat.
285 1995 503 2059 Resistentiam
528 2014 651 2079 quoque
676 1990 795 2054 caeteris
817 1989 943 2073 paribus
966 1988 1110 2053 densitati
1141 1991 1403 2075 proportionalem

128 2127 194 2167 esse
209 2124 361 2187 suppono.
400 2101 495 2165 Unde
505 2101 538 2163 in
551 2099 671 2175 mediis,
688 2117 818 2182 quorum
829 2098 875 2158 vis
890 2095 1051 2164 resistendi
1066 2117 1129 2158 non
1145 2109 1191 2160 est
1206 2110 1240 2160 ut
1254 2097 1400 2178 densitas.

128 2208 220 2271 debet
234 2207 369 2270 densitas
384 2228 422 2269 eo
436 2227 534 2290 usque
547 2205 652 2290 augeri
667 2202 716 2266 vel
730 2201 869 2278 diminui,
893 2212 928 2263 ut
942 2201 1123 2265 resistentioe
1135 2202 1184 2265 vel
1199 2202 1324 2267 tollatur
1345 2227 1402 2270 ex·

129 2337 234 2378 cessus
248 2314 297 2377 vel
312 2313 448 2376 defectus
464 2310 650 2396 suppleatur.

132 2553 750 2617 rimiliaesuutadinrieemthRretTQsivd
781 2572 828 2606 non
839 2557 907 2605 datur
917 2519 1401 2617 thmuobdntumuu·

131 2617 625 2705 mffl-nJ-Qaffl
648 2657 748 2712 hocest,
974 2597 1135 2708 01³}ng
1226 2662 1279 2711 08

543 2690 633 2748 asP'

130 2757 750 2870 r
781 2699 1345 2796 -a

780 2876 870 2912 mutato
886 2876 1013 2927 utcumque
1028 2867 1117 2926 spirali·
1131 2867 1226 2929 angulo,
1246 2864 1278 2914 itt
1288 2877 1316 2912 ut
1331 2866 1402 2914 etiem

163 2929 219 2991 (')⁸
238 2930 292 2976 Erit
310 2933 321 2974 l
339 2926 502 2990 -ξηεο,
540 2928 602 2978 cam
619 2928 682 2977 enim
699 2933 751 2992 (per
781 2941 906 2985 evanescat,
924 2939 948 2976 et
957 2929 1047 2990 apimlis
1056 2945 1110 2977 cum
1121 2931 1186 2978 radio
1196 2930 1323 2983 conveniat,
1340 2927 1402 2976 veio-

132 2991 751 3056 Hyp)sirn†1=3;efitn=a‚{n=1u
781 2991 1156 3055 eiuscorporiainlocoquovis
1178 2995 1199 3041 P
1220 3010 1248 3040 ea
1263 3008 1352 3050 semper
1367 3001 1402 3040 est

133 3060 144 3101 l
157 3055 211 3117 -ξ
223 3071 239 3100 n
249 3072 283 3099 =
294 3069 317 3099 o.
781 3054 883 3116 quicum
894 3070 976 3114 eorpus
987 3055 1011 3101 in
1021 3056 1099 3104 medio
1109 3072 1155 3102 non
1166 3058 1282 3105 resistente
1290 3054 1371 3103 eidem
1379 3054 1403 3102 vi

783 3118 908 3177 centripetd
923 3119 999 3178 gyrari
1014 3130 1089 3182 potest
1099 3120 1124 3166 in
1134 3120 1260 3168 circuloud
1275 3119 1373 3167 undem
1386 3133 1403 3166 ι

166 3178 197 3238 (²)
216 3181 229 3207 0
248 3180 278 3224 In
296 3181 423 3239 negativum
439 3181 574 3227 mutabitur.
610 3179 673 3226 Tum
689 3179 751 3226 enim
783 3191 862 3227 oentro
880 3181 1010 3228 distantiam
1034 3184 1051 3230 8
1068 3182 1090 3229 Ρ
1111 3186 1163 3243 (per
1176 3193 1247 3230 comt
1268 3188 1288 3230 1.
1310 3184 1362 3230 eor.
1376 3185 1399 3230 7.

135 3255 150 3284 n
163 3241 195 3302 ψ
211 3244 230 3294 1,
246 3241 289 3286 erit
300 3257 410 3288 numerus
420 3244 518 3289 tertiario
530 3243 610 3305 major,
630 3254 653 3290 et
667 3242 721 3290 idad
736 3258 752 3289 n
786 3244 856 3304 Prop.
876 3244 922 3291 IV.
941 3244 994 3291 Lib.
1010 3245 1044 3305 1.)
1064 3245 1136 3306 liquet
1154 3249 1205 3308 (per
1223 3247 1276 3293 Cor.
1291 3251 1313 3293 6.
1329 3245 1399 3306 Prop·

131 3303 220 3349 binario
230 3305 310 3366 major,
326 3305 413 3353 ethim
427 3310 436 3353 l
449 3329 482 3343 -
493 3305 509 3369 ᾖ
522 3321 545 3361 u,
561 3321 671 3354 numerus
682 3322 752 3370 nega·
786 3307 844 3354 XV.
862 3317 886 3354 et
933 3308 1000 3368 159.)
1019 3318 1123 3368 tempora
1143 3307 1265 3356 decenniis
1282 3324 1297 3353 a
1314 3317 1402 3367 puncto

132 3366 201 3411 tirus.
784 3369 838 3416 dato
852 3369 910 3417 Pad
920 3382 1024 3417 centrum
1037 3372 1140 3432 unques,
1152 3372 1202 3418 sore
1212 3373 1280 3418 etiarn
1288 3370 1324 3446 (in
1333 3371 1399 3432 Hyp.

730 3476 736 3489 ,
785 3433 1401 3496 Prop.XVI.)utspimliummiarumlongrtudinea;

164 3474 234 3521 corut·
249 3477 271 3519 ⁴·
296 3472 372 3521 Medii
387 3474 495 3528 aenam
518 3475 537 3521 ⁸¹
556 3475 625 3522 aaut
643 3475 752 3525 manu·
782 3496 845 3558 quoa
861 3497 984 3543 amnui
1004 3498 1106 3547 sanna
1126 3498 1276 3546 amoinus
1293 3498 1317 3544 a
1336 3498 1403 3545 nea.

135 3573 152 3619 s
169 3573 197 3631 P,
217 3584 251 3620 aa
266 3584 294 3622 ur
308 3537 520 3616 Q
541 3579 576 3624 51„
590 3579 697 3628 ffimfi,
712 3580 753 3628 m,
783 3558 937 3607 Eruditorum
949 3559 1012 3620 Lips.
1023 3576 1061 3608 an
1076 3566 1143 3611 1713.
1158 3561 1197 3609 ubi
1208 3562 1267 3609 hanc
1282 3560 1401 3609 maurim

381 3615 438 3662 ΟΡ
513 3612 521 3636 ’
782 3623 899 3686 eleganter
909 3632 995 3672 traotm.
