3322 5738
175 444 185 469 ι
225 409 267 469 96
544 398 882 465 PHILOSOPHIAE
905 399 1174 467 NATURALIS
1223 401 1496 484 [Moneoaeou.

469 694 749 761 PROPOSITIO
771 695 852 760 XII.
897 694 1165 764 THEOREMA
1188 699 1250 764 IX.

219 870 328 936 Iisdem
336 869 455 951 positis,
471 869 538 932 dico
552 866 631 952 qood
642 869 670 932 si
684 869 786 950 spotia
800 869 948 950 decepta
960 879 1115 933 meantia
1128 872 1162 932 in
1170 874 1380 954 progressione
1392 875 1493 938 crith-

262 977 376 1054 oreticd,
400 981 567 1043 velocitates
588 975 662 1042 dato
684 975 1003 1063 quodomqwntitate
1015 989 1111 1041 aucte
1127 989 1214 1042 erent
1234 982 1268 1042 io
1284 985 1493 1065 progressione

259 1084 450 1171 geometrica·

262 1254 302 1318 In
325 1264 499 1338 asymptoto
522 1253 598 1317 CD
620 1252 711 1318 detur
731 1264 882 1339 punctum
904 1255 945 1333 R,
969 1267 1001 1321 et
1021 1267 1124 1320 erecto
1148 1256 1369 1341 perpendiculo
1393 1259 1423 1323 R
1447 1261 1527 1336 ὃς

219 1361 303 1447 quod
318 1375 459 1424 occurrat
473 1360 674 1446 hyperboloe
664 1383 697 1423 m
713 1362 746 1438 S,
770 1374 945 1445 exponatur
960 1364 1148 1447 descriptum
1163 1364 1295 1448 spatium
1309 1386 1366 1447 per
1386 1389 1490 1429 aream
1516 1364 1524 1394 ·'

219 1468 450 1554 hyperbolicam
474 1468 504 1530 R
520 1468 544 1532 S
558 1466 587 1530 Ε
602 1467 656 1541 D;
682 1479 714 1531 et
733 1465 879 1532 velocitas
902 1469 961 1532 erit
980 1480 1016 1532 ut
1036 1468 1198 1555 longitudo
1220 1468 1252 1533 G
1267 1470 1310 1546 Ι),
1333 1493 1403 1554 quae
1418 1493 1490 1536 cum

218 1572 290 1637 data
314 1571 391 1638 CG
411 1572 569 1657 componit
589 1570 814 1658 longitudinem
836 1572 943 1638 CD
934 1596 966 1636 m
991 1574 1207 1660 progressione
1227 1576 1411 1661 geometrica
1434 1577 1489 1641 de-

218 1690 416 1754 crescentem,
432 1678 550 1742 interea
563 1678 638 1742 dum
653 1677 785 1762 spatium
802 1679 832 1743 R
850 1679 873 1744 S
889 1678 918 1742 E
933 1678 966 1744 D
980 1692 1111 1766 augetur
1121 1679 1154 1743 in
1168 1678 1367 1746 arithmetica.

260 1787 301 1871 (¹²)
325 1787 449 1851 Etenim
471 1788 512 1851 ob
531 1788 638 1851 datum
658 1787 749 1870 spatii

219 1894 441 1958 incrementum
457 1893 486 1957 Ε
501 1893 535 1959 Ι)
548 1894 570 1956 d
585 1916 613 1969 a,
635 1893 749 1956 lineola

218 1999 253 2064 D
268 2000 299 2077 d,
316 2023 386 2086 quoe
400 2001 628 2064 decrementum
643 2012 689 2063 est
703 2000 750 2083 ip-

217 2107 280 2170 aius
290 2107 324 2171 G
333 2108 376 2184 D,
387 2107 445 2171 erit
454 2106 611 2190 reciproce
622 2118 657 2170 ut
668 2106 746 2182 ΕΙ),

217 2212 349 2298 ideoque
374 2213 489 2278 directe
515 2227 551 2277 ut
574 2212 661 2290 cl),
687 2213 748 2275 hoc

217 2330 273 2397 est,
297 2333 332 2384 ut
354 2343 474 2385 summa
497 2319 633 2404 ejusdem
661 2319 694 2382 G
716 2318 749 2382 D

218 2439 249 2490 et
264 2426 466 2513 longitudinis
481 2427 562 2490 datae
578 2426 606 2489 C
622 2425 663 2489 G.
688 2425 750 2490 sed

216 2532 391 2596 velocitatis
413 2532 653 2607 decrementum,
675 2543 753 2593 tem·

214 2660 292 2723 pore
314 2639 371 2703 sibi
397 2639 554 2724 reciproce
574 2639 749 2723 proportio-
816 2623 838 2674 ⁰
956 2630 981 2682 (ἶ
1023 2635 1058 2688 Λ

214 2746 288 2824 nuli,
311 2769 374 2832 quo
394 2748 467 2811 data
484 2747 574 2831 spatii
595 2747 745 2831 particula

216 2853 250 2917 D
265 2855 287 2917 d
302 2877 320 2918 e
335 2854 364 2918 E
378 2855 571 2931 describitur,
588 2854 621 2938 (¹)
636 2868 683 2918 est
699 2865 734 2918 ut
747 2852 917 2916 resistentia
931 2865 962 2916 et
976 2863 1097 2936 tempus
1112 2853 1309 2939 conjunctim,
1331 2853 1364 2916 id
1378 2864 1426 2916 est
1439 2851 1489 2915 di·

215 2959 297 3023 recte
312 2973 347 3023 ut
361 2982 481 3024 summa
494 2960 625 3023 duarum
640 2959 852 3044 quantitatum,
879 2980 1009 3043 quarum
1024 2981 1086 3022 una
1100 2972 1195 3023 estut
1209 2959 1363 3035 velocitas,
1389 2958 1489 3021 altera

214 3076 250 3128 ut
264 3064 431 3128 velocitatis
443 3063 635 3159 quadratum,
652 3075 683 3126 et
696 3061 815 3126 inverse
829 3073 866 3125 ut
879 3062 1042 3137 velocitas3
1057 3063 1189 3148 ideoque
1200 3061 1315 3127 directe
1324 3075 1359 3126 ut
1367 3083 1488 3126 summa

214 3169 346 3233 duarum
367 3169 580 3255 quantitatum,
603 3187 731 3253 quarum
747 3187 810 3230 una
823 3165 924 3243 datur,
947 3166 1043 3231 altera
1057 3181 1104 3231 est
1117 3180 1152 3232 ut
1166 3167 1319 3232 velocitas.
1364 3166 1484 3230 Decre-

214 3289 352 3340 mentum
366 3276 460 3364 igitur
474 3290 537 3340 tam
551 3275 719 3339 velocitatis
733 3296 826 3360 quam
841 3273 932 3338 lineae
955 3274 987 3338 G
1002 3275 1046 3353 D,
1071 3289 1118 3341 est
1139 3287 1174 3340 ut
1194 3277 1346 3361 quantitas
1361 3276 1434 3340 data
1455 3288 1486 3339 et

214 3381 367 3466 quantitas
381 3382 561 3447 decrescens
577 3381 774 3468 conjunctim,
797 3391 829 3445 et
842 3392 970 3465 propter
984 3382 1115 3470 analoga
1129 3382 1333 3462 decrementa,
1357 3382 1396 3467 (³)
1411 3403 1485 3446 ana-

213 3489 293 3577 logoe
308 3512 429 3576 semper
443 3504 535 3556 erunt
555 3492 741 3577 quantitates
763 3489 993 3565 decrescentem
1019 3491 1164 3554 nimirum
1185 3491 1330 3556 velocitas
1351 3503 1383 3554 et
1403 3490 1486 3554 linea

214 3597 246 3663 G
261 3598 305 3664 D.
350 3598 392 3676 Q.
409 3624 436 3665 e.
451 3599 483 3664 d.

196 3727 198 3731 ¹
257 3706 355 3771 Corol.
373 3715 401 3770 1.
433 3707 467 3772 Si
482 3704 624 3771 velocitas
639 3715 812 3790 exponatur
832 3723 889 3789 per
910 3702 1134 3790 longitudinem
1158 3703 1190 3767 G
1205 3702 1249 3781 D,
1276 3704 1410 3788 spatium
1428 3702 1484 3768 de·

212 3809 361 3895 scriptum
375 3811 433 3875 erit
447 3823 482 3874 ut
495 3833 567 3874 area
581 3809 779 3897 hyperbolica
794 3808 828 3874 D
845 3807 873 3871 E
889 3809 912 3872 S
929 3808 968 3871 R.

258 3919 356 3984 Corol.
372 3926 402 3984 2.
427 3919 469 3984 Et
486 3920 510 3983 si
525 3931 681 4005 utcunque
694 3919 867 3983 assumatur
880 3928 1030 4002 punctum
1046 3916 1086 3991 R,
1103 3916 1275 3979 invenietur
1288 3928 1439 4000 punctum
1449 3916 1482 3982 G

213 4023 362 4103 capiendo
377 4024 410 4089 G
426 4025 456 4089 R
471 4024 511 4089 ad
527 4024 559 4088 G
573 4024 617 4102 D,
633 4035 668 4088 ut
682 4036 728 4088 est
742 4022 886 4088 velocitas
901 4020 959 4084 sub
975 4020 1061 4084 initio
1075 4019 1115 4084 ad
1125 4019 1317 4084 velocitatem
1327 4033 1399 4106 post
1413 4043 1482 4108 spa

246 4207 313 4271 (Η)
332 4212 642 4273 centaurorumque
656 4215 831 4267 emmeram,
864 4206 1352 4283 adeoquedauspeuiinmpeutouvet
1324 4206 1484 4255 ulceratu-

213 4273 407 4332 perhypotheaim
383 4274 566 4335 mqudapatiaa
567 4289 679 4335 trrrppoun
646 4283 718 4321 untur
727 4273 833 4319 marith-
864 4271 935 4318 verul.
971 4270 1160 4331 Quarddttoapa
1161 4272 1221 4317 iiim
1196 4281 1385 4327 mcremcntMe
1356 4271 1485 4319 velocitatis
1525 4290 1533 4321 ι

213 4334 633 4509 Ἑαῗᾟιηΐῗιωιῐῗαιιι
593 4415 670 4458 empus
682 4398 830 4471 eoqy‘uneam.
864 4333 1485 4454 defmnkumffmtmndtmaduffi

212 4461 833 4635 temperamentum
862 4461 1317 4587 ‘'tlt“tm‘temet
1351 4522 1414 4584 (1³
1426 4523 1483 4572 e.

212 4603 303 4636 comeo
274 4599 356 4636 cotum
372 4586 542 4648 spatiidireet
606 4586 757 4634 velocitate
759 4584 830 4642 ιεηὲ,
864 4584 1119 4647 lm1v.1a·u1..)
