3322 5738
537 316 560 365 0

278 412 337 467 136
547 432 549 439 ·
577 397 916 465 PHtLOSOPHIAE
939 399 1213 465 NATURALIS
1275 398 1386 480 [Mor.
1404 399 1557 464 Conron.

273 570 330 635 &a
375 568 409 652 (¹)
426 569 469 632 Et
481 567 533 630 hoe
545 567 711 653 gravitates
732 564 835 630 ductae
849 567 882 629 in
897 566 1073 631 altitudines
1087 569 1117 631 A
1134 567 1173 645 Β,
1193 563 1222 629 Β
1236 567 1273 645 C,
1292 567 1319 630 C
1331 569 1378 644 D,
1401 570 1458 634 &a
1482 592 1557 633 oon·

272 677 379 740 licieut
404 675 579 760 pressiones
603 674 634 737 A
653 674 698 752 H,
717 676 744 739 B
761 675 788 751 Ι,
806 676 834 740 C
852 676 895 752 K,
919 678 978 744 &a
1005 677 1117 762 quibus
1142 677 1272 741 fundam
1301 679 1377 742 AT
1392 679 1423 741 V
1449 682 1556 764 (juxta

273 785 452 850 Theorema
467 783 556 863 XV.)
582 796 720 870 urgetur.
766 785 905 849 Sustinet
926 808 1003 873 ergo
1023 785 1176 871 particula
1199 787 1229 849 A
1250 786 1425 870 pressiones
1446 811 1554 854 omnes

272 897 303 959 A
320 895 365 971 H,
384 895 412 958 B
429 894 454 970 Ι,
473 892 501 956 C
518 891 560 969 K,
577 893 611 956 D
627 892 666 970 L,
692 890 730 977 (¹)
752 894 914 981 pergendo
934 895 968 958 in
988 896 1162 972 infinitum3
1185 907 1217 959 et
1238 896 1391 980 particula
1415 889 1443 963 B
1464 920 1553 982 pres-

270 1004 373 1067 siones
395 1023 502 1066 omnes
517 1016 633 1086 praeter
646 1002 780 1086 primam
796 1004 827 1066 A
843 1004 898 1080 H;
924 1017 957 1069 et
969 1004 1122 1089 particula
1317 1024 1321 1030 ’

272 1110 423 1175 Comnes
445 1123 561 1194 praeter
582 1109 660 1172 duas
675 1109 792 1192 primas
807 1110 838 1172 A
854 1111 901 1188 Η,
921 1112 1001 1188 1313
1023 1125 1055 1176 et
1075 1112 1120 1176 sie

268 1221 434 1306 deinceps:
458 1221 591 1308 ideoque
611 1220 775 1305 particulae
796 1220 907 1304 primae
933 1222 964 1284 A
985 1220 1123 1285 densitas

270 1331 300 1393 A
317 1331 364 1406 H,
389 1344 436 1393 est
461 1328 501 1392 ad
524 1328 687 1413 particulae
710 1327 857 1392 secundae
882 1329 911 1393 B
935 1328 1121 1394 densitatem
1223 1338 1227 1348 '

269 1436 671 1503 Blutsummaomnium
696 1436 780 1500 AH
801 1437 1063 1514 ÷B1÷ctt
1083 1447 1116 1513 4-

266 1548 301 1613 D
317 1549 356 1626 L,
373 1549 405 1611 in
421 1547 587 1624 infinitum,
615 1547 655 1610 ad
671 1569 824 1610 summam
843 1546 984 1609 omnium
1000 1546 1029 1610 B
1045 1544 1062 1610 Ι
1082 1555 1115 1621 -1-

267 1655 296 1720 C
312 1655 345 1720 K
364 1666 397 1732 4-
418 1657 452 1721 D
469 1656 508 1732 L,
525 1658 583 1720 &a
630 1655 673 1719 Et
692 1656 721 1719 B
738 1656 753 1719 Ι
769 1655 905 1719 densitas
920 1653 1067 1718 secundm
1090 1655 1119 1719 B

264 1777 312 1828 est
325 1765 367 1829 ad
384 1766 412 1828 C
429 1765 461 1827 K
477 1764 662 1828 densitatem
684 1764 784 1828 tertiae
803 1764 842 1840 C,
865 1776 901 1827 ut
916 1786 1037 1827 summa
1051 1786 1120 1827 om·

264 1872 779 1950 niumsst÷cK÷DL,
810 1875 867 1937 &e
899 1873 1116 1935 adsummam

263 1981 403 2043 omnium
420 1981 448 2043 C
466 1980 497 2043 K
519 1992 551 2055 -t-
572 1980 605 2043 D
618 1980 657 2056 L,
674 1982 731 2044 Sto.
780 1980 860 2044 Sunt
874 1980 969 2067 igitur
984 2003 1115 2045 summae

262 2086 324 2149 illae
340 2087 526 2151 differentiis
549 2090 613 2152 suis
637 2092 668 2154 A
684 2091 731 2167 H,
760 2090 788 2154 B
804 2092 831 2168 I,
857 2092 885 2155 C
903 2092 945 2167 K,
969 2094 1027 2157 &e
1048 2114 1122 2176 pro·

260 2197 462 2282 portionales,
491 2212 584 2284 atque
606 2199 678 2264 ideb
700 2200 848 2266 continue
872 2201 1122 2286 proportionales

261 2311 332 2390 (per
346 2305 439 2390 hujus
457 2307 547 2370 Lem.
565 2308 604 2387 1.)
617 2310 811 2397 proindeque
821 2309 1005 2374 differentia
1020 2310 1051 2373 A
1068 2310 1115 2386 H,

260 2412 328 2490 Bl,
346 2413 430 2489 CK,
447 2415 504 2478 &c.
522 2417 650 2479 summis
659 2416 918 2500 proportionales,
936 2428 1010 2479 sunt
1021 2416 1114 2479 etiam
1196 2440 1224 2487 τ

257 2528 406 2592 oontinue
417 2525 678 2613 proportionales.
727 2525 836 2600 Quare
858 2523 929 2587 erim
945 2523 1115 2589 densitates

256 2637 290 2699 in
304 2636 380 2700 locis
396 2638 437 2712 A,
455 2636 494 2712 B,
513 2636 550 2712 C,
567 2638 625 2699 &a
642 2633 704 2696 sint
719 2645 755 2696 ut
769 2632 800 2695 A
817 2632 864 2708 H,
884 2632 911 2695 B
929 2631 955 2707 Ι,
974 2632 1002 2695 C
1020 2632 1061 2707 K,
1086 2635 1143 2697 &e
1166 2649 1258 2700 erunt
1272 2635 1365 2699 etiam
1380 2636 1430 2699 bae
1446 2636 1544 2700 eonti-

256 2741 319 2806 nue
332 2743 593 2826 proportionales.
640 2742 795 2828 Pergatur
809 2763 866 2825 per
881 2740 1004 2816 saltum,
1030 2755 1116 2804 etex
1131 2765 1221 2828 aequo
1237 2745 1269 2807 in
1286 2745 1438 2808 distantiis
1463 2747 1485 2808 S
1502 2747 1543 2822 A,

256 2851 333 2930 SC,
352 2854 375 2917 S
392 2854 420 2918 Ε
446 2853 592 2916 continue
614 2851 910 2936 proportionalibus,
934 2864 1027 2914 erunt
1041 2850 1209 2915 densitates
1233 2855 1260 2916 A
1280 2854 1326 2930 H,
1346 2854 1373 2916 C
1391 2854 1434 2926 K,
1460 2854 1488 2916 E
1505 2854 1544 2917 M

254 2960 401 3025 continue
427 2960 686 3045 proportionales.
733 2960 776 3023 Et
791 2959 902 3022 eodem
928 2973 1124 3045 argumento,
1150 2958 1183 3022 in
1206 2958 1360 3023 distantiis
1384 2961 1544 3044 quibusvis

254 3067 400 3131 continue
414 3066 700 3151 proportionalibus
724 3066 804 3142 SA,
827 3065 909 3141 SD,
935 3066 958 3130 S
975 3066 1017 3140 G,
1041 3064 1209 3130 densitates
1232 3067 1262 3128 A
1280 3066 1326 3142 H,
1351 3066 1384 3129 D
1401 3066 1438 3142 L,
1464 3068 1494 3130 G
1512 3068 1543 3131 0

253 3188 345 3240 erunt
359 3175 506 3239 continue
521 3176 780 3260 proportionales.
826 3175 949 3238 Coeant
964 3176 1031 3259 jam
1053 3189 1172 3259 puncta
1194 3176 1235 3252 A,
1254 3176 1293 3254 B,
1312 3176 1349 3253 C,
1368 3177 1412 3254 D,
1431 3176 1469 3254 E,
1486 3181 1544 3242 &e

252 3307 291 3349 eo
306 3298 340 3348 ut
354 3285 533 3371 progressio
544 3286 730 3371 gravitatum
743 3284 959 3368 specificatum
974 3307 993 3346 a
1007 3283 1107 3347 fundo
1124 3287 1155 3349 A
1169 3284 1209 3348 ad
1225 3287 1434 3351 summitatem
1456 3289 1544 3351 fluidi

252 3396 399 3459 continua
425 3395 583 3472 reddatur,
611 3408 642 3459 et
667 3395 700 3458 in
723 3395 876 3459 distantiis
903 3394 1064 3480 quibusvis
1089 3393 1236 3459 continue
1257 3397 1543 3478 proportionalibus

253 3505 332 3581 SA,
351 3505 373 3568 S
389 3506 432 3580 D,
451 3507 474 3570 S
491 3506 533 3582 G,
550 3505 718 3571 densitates
734 3505 765 3568 A
783 3505 829 3581 H,
848 3505 882 3569 D
899 3504 938 3579 L,
957 3503 990 3567 G
1007 3503 1049 3578 0,
1067 3525 1192 3587 semper
1207 3504 1375 3569 existentes
1396 3507 1542 3571 continui

250 3609 509 3695 proportionales,
526 3611 697 3674 manebunt
708 3611 878 3674 etiamnum
895 3607 1042 3672 continue
1058 3611 1318 3693 proportionales.
1365 3613 1406 3690 Q.
1423 3637 1450 3677 e.
1466 3614 1497 3679 d.

295 3719 392 3784 Corol.
439 3716 527 3780 Hinc
542 3717 567 3779 si
582 3715 676 3780 detur
690 3715 828 3781 densitas
843 3714 933 3778 fluidi
949 3716 981 3778 in
996 3713 1119 3779 duobus
1136 3715 1220 3793 locis,
1237 3716 1314 3802 putri
1329 3720 1360 3782 A
1374 3734 1406 3784 et
1422 3721 1460 3796 E,
1477 3720 1541 3784 col-

248 3911 291 3957 ἃς.
314 3911 361 3960 sint
378 3909 488 3960 continue
507 3909 695 3973 proportionales,
715 3925 796 3958 earum
812 3908 879 3956 dille·
928 3943 936 3960 .
1224 3946 1230 3958 ·
1331 3947 1337 3959 ·
1404 3949 1410 3961 ·
1471 3914 1528 3961 ΛΗ

248 3974 328 4021 mu·
342 3982 363 4023 Α
380 3977 409 4033 B,
425 3978 446 4024 B
459 3977 488 4033 c,
501 3978 522 4024 c
532 3977 565 4034 D,
576 3977 618 4023 &a
632 3975 688 4036 ipsis
698 3974 880 4035 proportionale,
911 3960 966 3993 oum
978 3947 1018 4008 (er
1027 3945 1156 4008 demonst)
1167 3957 1266 4010 gravatas
1276 3948 1382 4009 specilla
1391 3960 1421 3997 ut
1431 3961 1459 3999 ut
1472 3980 1538 4042 A—B,

248 4048 323 4083 erunt.
868 4103 874 4115 .
910 4048 997 4110 pressio
1007 4047 1073 4094 fluidi
1085 4048 1213 4108 cylindrici,
1229 4050 1298 4113 cujus
1308 4061 1343 4100 est
1353 4052 1452 4101 altitudo
1472 4059 1492 4103 A
1509 4059 1538 4116 B,

280 4100 312 4160 (¹)
324 4106 337 4130 '
352 4104 385 4149 Et
402 4107 436 4149 lrae
453 4108 575 4163 gravitates
594 4108 678 4160 ducto,
697 4105 739 4151 Ac.
777 4104 839 4151 Nam
856 4119 874 4149 a
908 4113 951 4159 erit
962 4123 989 4158 ut
1002 4117 1024 4158 Λ
1039 4112 1073 4165 Η,
1085 4123 1109 4158 at
1120 4114 1151 4159 iu
1162 4113 1191 4160 de
1202 4115 1298 4161 meris,

247 4162 340 4223 pondera
350 4167 413 4225 quod
425 4167 526 4212 tundam
544 4168 681 4227 sphaericum
701 4169 723 4214 A
738 4168 760 4214 'l'
773 4169 795 4213 V
807 4169 876 4214 susti-

247 4236 295 4285 αις,
311 4238 441 4287 exponatur
452 4245 492 4288 per
503 4231 634 4289 cylindrum
646 4236 713 4294 anus
723 4231 783 4277 basis
798 4247 876 4292 mque·
942 4235 980 4299 (ἱ)
995 4240 1047 4284 175.
1069 4242 1081 4266 0
1098 4240 1249 4299 maenam
1260 4244 1386 4307 definitam.
1422 4247 1540 4301 Quoniam

247 4290 276 4338 tt·
286 4291 456 4351 sitmperfieioi
471 4295 492 4338 A
507 4294 530 4339 Τ
542 4295 565 4339 V
580 4306 602 4340 et
614 4295 715 4341 altitudo
726 4295 807 4341 eadem
823 4311 877 4354 quie
909 4299 973 4344 enim
985 4302 1038 4360 (per
1051 4301 1130 4361 Hyp.)
1148 4302 1249 4351 densitas
1265 4309 1428 4367 compressioni
1445 4327 1540 4372 proper.

246 4353 312 4403 lluidi
323 4355 487 4405 incumbentis,
500 4357 609 4404 volumen
620 4357 686 4403 fluidi
699 4358 818 4418 cylindriri
835 4373 877 4416 pro
909 4363 1003 4409 tionalis
1019 4374 1061 4415 est,
1083 4366 1121 4411 ubi
1141 4369 1280 4428 compressio
1299 4370 1365 4417 nulla
1384 4373 1466 4429 evadit,
1486 4392 1540 4423 em.

245 4418 369 4469 altitudine
383 4420 405 4465 A
421 4419 441 4464 ll
453 4419 498 4465 erit
512 4421 532 4465 A
547 4421 570 4466 Τ
583 4421 605 4464 V
615 4428 640 4476 Χ
657 4423 678 4466 A
694 4421 724 4474 ll,
737 4419 835 4480 Hetittue
846 4423 877 4466 ob
909 4425 983 4472 trusit
993 4443 1087 4489 quoque
1102 4430 1212 4487 densitas,
1230 4449 1280 4491 seu,
1300 4433 1399 4480 liuidum
1412 4435 1438 4482 fit
1449 4438 1541 4488 infinite

245 4482 323 4531 datam
334 4482 480 4543 superficiem
497 4485 517 4528 A
532 4484 554 4529 'l'
567 4484 595 4540 V,
606 4482 769 4529 eritvolumen
780 4484 840 4530 illud
851 4496 878 4533 ut
910 4504 998 4546 rarum,
1009 4507 1037 4538 ae
1048 4491 1179 4552 proindein
1191 4496 1309 4545 inlinitum
1320 4498 1471 4557 expanditur·
1485 4502 1541 4550 cum

247 4547 270 4593 A
287 4548 316 4605 Β,
328 4547 497 4607 multiplicetur
508 4546 567 4593 illud
584 4562 625 4607 per
639 4547 775 4608 gravitatem
787 4549 878 4608 specifi-
911 4554 970 4600 ratio
980 4555 1106 4603 voluminis
1121 4558 1151 4605 ad
1167 4560 1270 4608 materias
1279 4562 1432 4625 quantitatem
1450 4538 1541 4616 idfinite

231 4625 295 4664 ,cam
307 4613 430 4660 ottanum
442 4611 487 4658 erit
498 4621 524 4658 ut
535 4610 680 4672 pondusseu
692 4611 795 4672 pressim
806 4628 878 4675 qaaere
910 4617 991 4665 eradat
1003 4621 1037 4682 (2.
1054 4619 1106 4668 Lib.
1123 4621 1165 4682 l.).
