3322 5738
189 430 232 529 tt
509 424 849 491 PHILOSOPHIAE
872 424 1143 493 NATURALIS
1197 423 1475 504 [MomConnon.

434 677 717 746 PROPOSITIO
747 680 809 744 lX.
855 677 1125 745 THEOREMA
1155 677 1232 742 VII.

186 875 303 942 Positis
305 874 376 958 jam
390 878 608 955 deumutratis,
624 881 691 942 dico
705 874 793 962 quiid,
814 868 842 941 si
856 888 1009 962 tangentes
1023 879 1197 961 angulorum
1211 874 1332 939 sectoris
1346 877 1478 940 uratu-

229 985 274 1048 ris
288 993 318 1048 et
331 986 453 1048 semoris
466 985 649 1070 hyperbolici
662 996 816 1051 sumantur
836 985 1039 1049 volomtatibtu
1053 983 1307 1066 proportionales,
1330 982 1479 1049 existente

229 1089 418 1173 radiojustae
431 1094 667 1175 magnitudinis:
684 1094 743 1155 erit
757 1102 869 1174 tempus
883 1112 966 1154 onne
980 1091 1159 1154 ascendendi
1173 1091 1215 1150 ad
1228 1090 1320 1150 tonum
1335 1109 1477 1153 summurn

230 1207 265 1260 ut
277 1206 373 1261 sector
393 1197 508 1275 airaudi,
531 1208 561 1261 et
581 1208 692 1281 teinpus
712 1220 796 1262 omne
817 1199 1011 1263 mumanae·
1023 1219 1045 1259 a
1059 1199 1123 1259 loeo
1136 1216 1244 1260 utmno
1257 1203 1291 1257 ut
1304 1204 1401 1258 sector
1421 1197 1477 1281 kp

225 1303 367 1385 perhola.

232 1498 341 1564 Rectae
362 1502 392 1563 A
409 1499 447 1576 C,
471 1499 532 1587 qui
554 1501 600 1565 vis
621 1501 780 1591 gravitatis
800 1501 976 1584 exponitur,
1000 1497 1264 1583 perpendicularis
1290 1510 1322 1561 et
1344 1497 1474 1584 aequalis

99 1637 102 1642 ¹
187 1606 319 1671 ducatur
334 1610 365 1671 A
379 1607 423 1672 D.
469 1608 589 1673 Centro
604 1609 638 1674 D
654 1610 881 1674 semidiametro
897 1610 970 1673 AD
986 1607 1178 1672 describatur
1192 1620 1258 1670 tum
1273 1607 1381 1671 circuli
1395 1630 1473 1694 qus·

187 1715 281 1781 druis
296 1716 328 1780 A
343 1729 356 1780 t
371 1715 418 1793 E;
444 1728 510 1780 tum
531 1717 703 1803 hyperbole
717 1717 896 1806 rectiangula
911 1718 943 1782 A
960 1717 990 1779 V
1007 1717 1033 1780 Z
1047 1738 1139 1781 axam
1152 1715 1270 1780 babens
1286 1716 1318 1781 A
1334 1714 1379 1794 X,
1402 1739 1473 1782 ver·

182 3764 276 3830 tieem
290 3758 492 3846 principalem
508 3758 549 3835 A,
565 3766 597 3820 et
610 3768 807 3842 esymptoton
829 3756 864 3821 D
880 3757 918 3822 C.
963 3759 1129 3827 Ducuntur
1151 3767 1185 3831 D
1198 3789 1231 3852 p,
1247 3769 1281 3833 D
1297 3770 1334 3849 P,
1363 3785 1395 3837 et
1408 3775 1469 3840 erit

182 3884 283 3934 sector
298 3863 456 3932 circularis
470 3865 499 3927 A
514 3862 576 3927 tD
592 3874 627 3926 ut
642 3873 764 3947 tempus
779 3882 872 3927 omne
894 3867 1081 3931 ascendendi
1102 3870 1142 3933 ad
1165 3870 1267 3937 locum
1293 3900 1468 3959 summum3

182 3987 214 4038 et
228 3987 328 4039 sector
341 3969 560 4058 hyperbolicus
577 3968 608 4032 A
624 3966 656 4030 Τ
669 3967 704 4033 D
719 3979 755 4030 ut
776 3980 899 4053 tempus
919 3992 1011 4035 omne
1033 3973 1241 4041 descendendi
1256 4004 1274 4043 a
1290 3981 1360 4047 loco
1381 4007 1468 4050 sum-

182 4104 252 4147 mo:
277 4084 310 4146 Si
325 4082 420 4145 modo
434 4094 588 4144 sectorum
603 4089 765 4164 tangentes
783 4078 813 4141 A
827 4099 860 4161 p,
878 4081 908 4142 A
926 4079 963 4154 P,
979 4081 1040 4144 sint
1055 4096 1090 4146 ut
1104 4085 1289 4153 velocitates.

226 4192 295 4254 Cas.
321 4197 349 4251 l.
381 4187 504 4274 Agatur
528 4187 611 4249 enim
636 4186 669 4249 D
688 4208 708 4247 v
725 4209 746 4271 q
770 4185 955 4251 abscindens
979 4194 1106 4256 sectoris
1131 4195 1162 4257 A
1178 4195 1211 4262 D
1226 4211 1240 4261 t
1263 4212 1295 4263 et
1317 4202 1467 4289 trianguli

182 4299 214 4362 A
230 4297 263 4360 D
277 4318 299 4381 p
314 4307 480 4369 momenta,
505 4315 560 4356 seu
573 4294 739 4376 particulas
756 4316 850 4379 quam
867 4297 1010 4361 minimas
1026 4300 1116 4365 simul
1131 4302 1300 4391 descriptas
1315 4309 1375 4374 tD
1390 4334 1410 4374 v
1434 4328 1468 4378 ct

181 4427 202 4490 q
220 4402 253 4467 D
268 4424 299 4485 p.
332 4399 415 4463 Cum
429 4397 589 4482 particulae
603 4398 674 4475 illae,
691 4399 732 4462 ob
747 4402 898 4488 angulum
912 4425 1108 4472 communem
1117 4409 1161 4486 D,
1178 4426 1251 4477 sunt
1266 4415 1304 4498 (ά)
1314 4417 1345 4479 in
1360 4416 1467 4504 dupli-

214 4576 248 4640 (4)
261 4578 274 4606 ⁸
288 4576 320 4623 In
335 4569 451 4634 duplicata*
468 4573 556 4618 ratione
570 4573 675 4644 latonam·
711 4573 775 4620 Num
790 4574 810 4620 si
841 4573 911 4650 ipsit·
920 4585 937 4633 t,
949 4576 997 4624 duo
1007 4579 1123 4653 triangula
1133 4588 1289 4634 erutescutiu
1302 4589 1381 4653 qu,
1395 4594 1421 4642 Ι)
1432 4600 1466 4639 vt

180 4654 210 4687 ει
223 4635 488 4702 punctoqduccturad
500 4635 811 4697 Dphncolcqrpmllela
842 4639 1397 4710 umrlnmntctmmtioueduplicatilntem
1415 4659 1464 4721 Dq
