3322 5738
109 360 222 431 traua
238 361 386 428 Saeuus.
433 361 674 430 PRINCIPIA
697 361 1067 430 MATHEMATICA.
1331 369 1391 431 129

106 529 201 599 simul
215 512 415 607 moveantrir3
430 545 523 618 atque
537 530 599 596 boc
612 530 684 597 ideb
698 532 771 618 quia
785 531 893 612 similis
908 544 940 595 et
954 532 1082 617 aequalis
1097 544 1144 596 est
1154 532 1293 596 omnium
1304 553 1391 615 pres·

106 640 165 718 sio,
188 650 220 703 et
236 651 338 702 motus
353 639 454 702 omnis
468 637 614 703 exclusus
629 639 824 723 supponitur,
848 639 908 701 nisi
923 639 975 723 qui
991 661 1010 701 a
1023 639 1181 724 pressione
1195 639 1247 703 illi
1263 641 1390 704 oriatur.

107 749 206 835 Atqui
225 769 290 811 non
308 761 438 832 possunt
452 768 559 813 omnes
573 747 613 811 sd
628 760 768 812 centrum
790 748 920 833 propius
943 748 1101 826 accedere,
1125 748 1185 811 nisi
1198 749 1328 812 fluidum
1350 747 1389 810 ad

106 867 247 926 centrum
262 852 487 931 condensatum
508 866 618 918 eontra
631 852 828 939 hypothesin.
875 853 948 918 Non
962 867 1093 938 possunt
1101 853 1225 942 longius
1240 854 1279 917 ab
1294 877 1333 918 eo
1343 877 1391 917 re·

106 963 226 1040 cedere,
243 965 300 1027 nisi
316 963 447 1027 fluidum
462 962 501 1027 ad
516 961 794 1026 circumferentiam
809 963 1016 1026 condensetur
1024 987 1033 1038 ;
1060 964 1153 1027 etiarn
1167 976 1276 1027 contra
1290 962 1391 1047 hypo-

107 1069 218 1135 thesin.
263 1070 337 1135 Non
358 1082 491 1153 possunt
511 1068 629 1133 servati
653 1068 709 1132 suri
730 1091 751 1132 a
769 1082 879 1133 centro
902 1068 1047 1135 distantiis
1071 1071 1188 1133 moveri
1210 1070 1242 1131 in
1264 1069 1390 1155 plagam

107 1199 333 1263 quamcunque,
358 1178 434 1262 quia
455 1179 524 1261 pari
548 1180 668 1243 rarione
691 1178 898 1244 movebuntur
924 1180 957 1243 in
979 1180 1102 1268 plagam
1126 1182 1331 1256 contrariam3
1358 1181 1391 1244 in

107 1288 213 1373 plagas
228 1299 332 1350 autem
347 1287 517 1352 contrarias
531 1308 595 1350 non
610 1301 712 1371 potest
725 1308 798 1371 pars
813 1286 933 1363 eadem,
956 1289 1067 1354 eodem
1089 1303 1239 1374 ternpore,
1262 1289 1390 1354 moveri.

109 1393 196 1479 Fsgo
209 1393 297 1459 fluidi
310 1414 383 1476 pars
396 1391 484 1456 nulla
496 1391 616 1458 deloco
631 1414 688 1459 suo
702 1391 886 1457 movebitur.
900 1427 904 1434 ·
931 1392 974 1470 Q.
989 1417 1017 1459 e.
1032 1394 1063 1460 d.

153 1502 222 1565 cas.
238 1507 269 1566 2.
293 1499 377 1564 Dico
387 1501 464 1581 jam,
481 1497 566 1585 qubd
580 1499 670 1564 fluidi
684 1499 776 1583 hujus
795 1520 869 1583 par·

110 1621 156 1671 tes
180 1627 286 1673 omues
309 1604 471 1689 sphaericae
496 1604 657 1690 aequsliter
685 1616 870 1688 premuntur
944 1657 949 1664 .

76 1759 78 1764 ι
109 1711 255 1798 undique.
313 1711 360 1776 Sit
388 1711 472 1775 enim
502 1710 532 1776 E
560 1710 587 1774 F
615 1732 687 1796 pars
719 1709 873 1795 sphaerica

108 1818 204 1896 fluidi,
242 1831 274 1883 et
302 1818 329 1882 si
358 1817 427 1882 haec
457 1817 595 1904 undique
624 1840 689 1881 non
717 1820 871 1903 premitur

108 1926 277 2012 aqualiter,
307 1940 457 2014 augeatur
483 1927 604 2011 pressio
626 1927 739 2004 minor,
770 1949 869 2011 usque

109 2032 183 2099 dum
204 2035 273 2118 ipsa
293 2019 432 2120 undique
453 2047 615 2119 prematur
636 2033 814 2120 aequalitem
840 2049 872 2099 et

107 2155 212 2224 partes
234 2142 311 2225 ejus,
333 2161 391 2223 per
407 2140 685 2224 Quamprimum,
709 2161 872 2224 permane·
1059 2187 1109 2235 f..
1213 2215 1219 2227 .
1333 2199 1345 2225 ‚,

108 2249 188 2314 bunt
202 2248 235 2311 in
249 2247 327 2312 locis
346 2247 419 2311 suis.
464 2247 528 2312 Sed
549 2260 621 2311 ante
642 2260 764 2312 auctam
784 2270 871 2332 pres-
918 2260 948 2318 Β
1057 2229 1110 2289 ²=...··

110 2355 589 2438 sionempermanebautinlocis
600 2357 673 2432 suis,
683 2379 741 2440 per
753 2356 868 2420 Casum
1266 2345 1277 2370 ”

1149 1549 1178 1604 Α

110 2463 245 2527 eundem
273 2462 417 2546 primunr,
453 2476 485 2527 et
514 2462 672 2527 additione
700 2465 868 2549 pressionis

109 2591 200 2633 novae
219 2568 426 2632 movebuntur
439 2567 480 2632 de
494 2568 570 2632 locis
586 2569 657 2646 suis,
673 2591 730 2653 per
745 2569 865 2633 Defini-

109 2678 224 2741 tionem
242 2673 355 2738 Fluidi.
400 2673 483 2750 Quae
498 2674 562 2738 duo
578 2687 762 2762 repugnant.
808 2675 896 2762 Ergo
910 2670 989 2738 falsb
1003 2671 1165 2739 dicebatur
1176 2674 1261 2761 qubd
1273 2675 1398 2761 sphaera
1473 2738 1481 2753 ,

112 2786 141 2849 Ε
157 2786 184 2849 F
198 2807 261 2848 non
276 2785 415 2872 undique
429 2786 628 2870 premebatur
643 2786 813 2871 aequaliter.
859 2785 902 2862 Q.
914 2808 942 2852 e.
957 2784 988 2848 d.

154 2893 223 2956 Cas.
240 2901 270 2956 8.
313 2892 398 2956 Dico
411 2905 563 2975 proeterea
577 2891 663 2979 qubd
677 2892 869 2959 diversarum
884 2893 1019 2978 partium
1035 2890 1257 2976 sphaericarum
1269 2891 1399 2978 aqualis

111 2998 150 3063 sit
163 2997 292 3084 pressio.
337 2997 421 3062 Nam
435 3009 538 3082 partes
552 2998 714 3082 sphaericae
729 3001 885 3087 contiguae
900 3022 934 3064 se
947 3012 1057 3062 mutuo
1072 3012 1220 3082 premunt
1237 2999 1400 3085 oerlualiter

110 3109 269 3192 inpuncto
278 3108 885 3196 mutactuapermotlrsLegemtcrtism.
910 3106 1398 3194 Sedet,perCasumsecundum,
1535 3150 1541 3164 ·

112 3217 249 3304 undique
271 3230 456 3302 premuntur
481 3216 591 3282 eidem
613 3219 653 3281 vi.
699 3218 808 3286 Partes
823 3217 919 3304 igitur
933 3216 1005 3280 duae
1020 3213 1136 3300 quaevis
1152 3214 1315 3297 sphoericae
1336 3236 1400 3277 non

111 3327 275 3413 contiguis,
294 3327 332 3410 (⁸)
344 3325 417 3411 quia
429 3346 503 3408 pars
518 3323 671 3408 sphaerica
681 3323 864 3388 intermedia
879 3335 1006 3409 tangere
1020 3331 1124 3404 potest
1139 3333 1313 3405 utramque,
1329 3341 1401 3404 pre·

112 3445 238 3498 mentur
252 3431 362 3495 eidem
376 3431 417 3495 vi.
462 3431 504 3506 Q.
520 3452 548 3494 e.
564 3429 595 3493 d.

156 3542 225 3604 Cas.
241 3547 271 3601 4.
317 3539 401 3603 Dico
411 3540 476 3622 jam
492 3537 577 3624 qubd
591 3537 679 3602 fluidi
695 3551 799 3622 partes
814 3558 923 3601 omnes
938 3534 1053 3620 ubique
1066 3546 1253 3619 premuntur
1274 3533 1402 3620 aequali·

112 3667 168 3712 ter.
201 3647 284 3711 Nam
294 3660 398 3730 partes
412 3646 484 3711 duae
498 3647 615 3733 quaevis
630 3648 717 3734 tangi
731 3661 863 3731 possunt
876 3669 894 3710 a
909 3645 1049 3730 partibus
1062 3643 1223 3728 sphaericis
1235 3644 1265 3707 in
1279 3643 1402 3727 punctis

112 3756 358 3842 quibuscunque,
374 3769 405 3819 et
419 3756 462 3819 ibi
476 3768 580 3840 partes
595 3757 664 3820 illas
679 3757 846 3841 sphaericas
861 3755 1022 3841 aequaliter
1035 3767 1195 3840 premunt,
1211 3775 1269 3836 per
1285 3754 1402 3819 Casum

113 3862 238 3926 tertium
253 3876 284 3926 et
293 3862 426 3927 vicissim
437 3862 477 3926 ab
488 3862 549 3928 illis
564 3862 724 3950 aequaliter
732 3876 926 3949 premuntur,
942 3883 1000 3946 per
1015 3860 1119 3927 matris
1135 3860 1253 3945 Legem
1270 3859 1403 3925 tertiam.

115 3970 158 4046 Q.
170 3995 196 4034 e.
211 3968 244 4034 d.

159 4080 228 4142 Cas.
245 4086 275 4141 5.
320 4075 403 4139 Cum
426 4076 520 4162 igitur
541 4073 628 4139 fluidi
650 4095 723 4158 pars
737 4073 883 4159 quaelibet
899 4072 931 4135 G
949 4072 1016 4136 HI
1034 4071 1065 4133 in
1081 4070 1179 4135 fluido
1195 4069 1314 4155 reliquo
1336 4081 1406 4133 tan·

116 4206 209 4268 quam
221 4184 252 4245 in
267 4206 339 4246 vase
355 4181 526 4259 claudatur,
543 4194 574 4245 et
588 4180 724 4266 undique
738 4192 897 4264 prematur
912 4176 1082 4264 aqualiter,
1098 4189 1205 4260 partes
1221 4189 1325 4240 autem
1339 4177 1406 4261 ejus

120 4315 153 4355 se
168 4292 277 4355 mutui)
292 4290 451 4376 aequaliter
464 4302 608 4374 premant
629 4302 662 4352 et
682 4289 841 4373 quiescant
863 4288 943 4350 inter
957 4309 1008 4364 se3
1030 4281 1225 4349 manifestum
1253 4298 1299 4348 est
1321 4281 1406 4369 qubd

152 4489 188 4553 (⁸)
202 4493 215 4518 ⁶
227 4491 705 4565 Osiopurssptarieafigtemedianqm
711 4505 752 4550 po·
784 4482 1406 4563 sliuputesspboericulnpuuctipcontsctilspnmstg

126 4564 167 4609 tea
179 4563 311 4618 utumque.
346 4555 411 4605 Nem
420 4567 475 4614 pars
487 4553 529 4601 rtls
543 4552 680 4602 intermedia
695 4551 754 4600 duas
784 4561 854 4613 atque
864 4553 894 4599 ab
904 4548 949 4598 illu
960 4560 1077 4612 premetm
1088 4547 1214 4611 aquatum,
1226 4551 1268 4611 (ea
1276 4545 1353 4597 dem.)

152 4631 214 4684 Vos.
229 4635 267 4683 11.
757 4633 769 4680 Ι
