3322 5738
311 472 373 529 164
634 461 974 530 PHILOSOPHIAE
997 461 1268 528 NATURALIS
1320 460 1427 540 [Mor.
1439 460 1597 526 Conron.

308 637 453 703 infimum
468 635 614 722 cycloidis
624 646 784 719 punctum,
803 637 842 718 (⁸)
858 646 890 698 et
904 635 962 698 erit
978 633 1007 697 C
1018 635 1052 698 D
1067 645 1102 696 ut
1116 633 1161 696 vis
1177 656 1196 696 a
1210 632 1361 720 gravitate
1371 632 1516 708 oriunda,
1532 634 1597 717 qud

311 762 424 828 eorpus
439 743 471 805 in
487 743 519 806 D
535 741 704 804 secundum
720 751 898 828 tangentem
920 740 1066 826 cycloidis
1088 753 1227 826 urgetur,
1254 761 1384 824 eamque
1401 739 1530 803 habebit
1544 762 1598 802 ra·

310 851 427 914 tionem
438 847 478 910 ed
493 846 718 931 longitudinem
733 847 861 930 penduli
877 845 915 931 (¹¹)
926 869 1019 932 quam
1030 846 1125 908 habet
1140 847 1229 909 visin
1244 846 1278 908 D
1293 846 1333 909 sd
1347 845 1410 906 vim
1424 845 1598 930 gravitatis

311 958 498 1040 Exponatur
512 953 607 1038 igitur
618 954 662 1015 vis
674 953 727 1016 illa
734 975 791 1037 per
805 952 1032 1039 longitudinem
1043 953 1071 1015 C
1083 952 1127 1026 D,
1143 964 1175 1015 et
1189 951 1234 1013 vis
1248 950 1407 1036 gravitatis
1421 972 1478 1033 per
1493 950 1599 1036 longi-

311 1061 451 1126 tudinem
465 1056 603 1142 penduli,
620 1071 651 1121 et
665 1059 690 1120 si
704 1058 737 1121 in
752 1058 825 1122 DE
840 1057 980 1142 capiatur
995 1058 1029 1121 D
1041 1057 1070 1120 K
1087 1058 1120 1119 in
1135 1055 1171 1119 ei
1182 1056 1302 1119 ratione
1313 1054 1353 1118 ad
1363 1055 1597 1141 longitudinem

310 1170 440 1257 penduli
462 1189 555 1254 quam
576 1166 671 1231 hebet
690 1166 864 1231 resistentis
878 1167 918 1229 ad
932 1167 1126 1254 gravitatem,
1149 1163 1208 1227 erit
1222 1163 1256 1226 D
1274 1162 1306 1226 K
1324 1183 1484 1246 exponens
1499 1162 1599 1227 resis-

311 1282 427 1348 tentiae.
472 1278 590 1342 Centro
606 1279 680 1341 Cet
700 1277 863 1341 intervallo
885 1277 959 1341 ΟΔ
980 1276 1030 1340 vel
1053 1273 1126 1339 CB
1149 1283 1344 1337 construatur
1370 1271 1601 1335 semi-circulus

313 1388 342 1453 B
358 1388 387 1450 E
402 1410 419 1449 e
436 1387 475 1449 A.
520 1386 685 1450 Describst
699 1399 802 1451 autem
818 1407 931 1468 corpus
946 1390 1087 1467 tempore
1101 1381 1196 1467 quam
1210 1380 1339 1442 minimo
1354 1378 1489 1463 spatium
1512 1380 1547 1444 D
1563 1379 1599 1455 d,

312 1507 344 1561 et
358 1493 467 1559 erectis
481 1495 711 1580 perpendiculis
726 1495 760 1560 D
777 1494 816 1573 Ε,
832 1493 855 1558 d
868 1516 887 1559 e
902 1490 1159 1557 circumferentiae
1181 1489 1413 1552 occurrentibus
1428 1488 1461 1551 in
1477 1488 1507 1551 E
1522 1501 1553 1552 et
1568 1512 1599 1567 e,

319 2709 408 2762 erunt
424 2698 492 2761 haec
506 2709 541 2761 ut
556 2696 730 2761 velocitates
745 2720 822 2782 quas
838 2717 950 2778 corpus
972 2695 1005 2758 in
1025 2717 1133 2772 vacuo,
1156 2692 1375 2759 descendendo
1389 2716 1407 2757 s
1421 2706 1539 2777 puncto
1563 2692 1604 2767 B,

319 2807 491 2894 acquireret
506 2805 539 2868 in
553 2805 629 2868 locis
651 2806 685 2870 D
700 2818 731 2869 et
745 2806 776 2868 d.
823 2804 915 2869 Petet
935 2804 996 2868 hoc
1018 2810 1089 2888 (per
1105 2807 1199 2888 Prop.
1217 2805 1292 2869 LlI.
1308 2805 1380 2869 Lib.
1397 2805 1449 2884 1.).
1495 2804 1608 2885 Expo-

321 2928 435 2979 nentur
457 2917 560 3001 itaque
575 2915 626 2977 hae
640 2914 816 2978 velocitates
831 2936 888 2998 per
902 2913 1125 2997 perpendicula
1138 2915 1192 2977 ille
1211 2915 1245 2979 D
1263 2915 1301 2990 E,
1317 2913 1339 2977 d
1354 2936 1389 2990 e;
1412 2914 1513 2999 sitque
1528 2911 1562 2975 D
1581 2911 1608 2974 F

320 3024 466 3087 velocitas
491 3047 585 3110 quem
606 3025 737 3109 acquirit
758 3025 791 3086 in
813 3024 846 3087 D
869 3024 1010 3087 cadendo
1025 3024 1065 3087 de
1081 3025 1109 3087 B
1124 3026 1156 3088 in
1171 3024 1275 3088 medio
1297 3025 1467 3087 resistente.
1514 3022 1557 3085 Et
1581 3021 1608 3082 si

321 3145 430 3197 centro
446 3134 474 3198 C
488 3145 521 3197 et
541 3133 704 3197 intervallo
728 3132 800 3195 CF
821 3132 1015 3196 describetur
1036 3132 1171 3197 circulus
1195 3133 1253 3197 Ff
1264 3132 1303 3197 M
1325 3153 1491 3197 occurrens
1516 3129 1608 3192 rectis

321 3238 422 3303 deet
438 3242 468 3303 A
485 3239 560 3303 Bin
576 3238 593 3301 l
602 3251 633 3302 et
649 3238 698 3315 M,
725 3237 758 3321 (¹)
774 3239 834 3302 erit
857 3237 896 3301 M
917 3239 1004 3302 locus
1026 3239 1066 3303 ad
1089 3262 1181 3326 quem
1203 3239 1350 3325 deinceps
1372 3241 1437 3303 sine
1459 3237 1607 3302 ulteriore

323 3344 494 3410 resistentie
510 3346 698 3421 ascenderet,
714 3356 745 3407 et
760 3344 781 3406 d
796 3344 813 3407 l
822 3345 968 3408 velocitas
982 3367 1076 3431 quam
1091 3346 1265 3432 acquireret
1278 3347 1311 3409 in
1330 3347 1361 3410 d.
1403 3344 1497 3411 Unde
1513 3344 1609 3407 etiam

323 3455 349 3517 si
366 3454 393 3516 F
406 3477 428 3539 g
439 3453 580 3539 designet
591 3453 760 3516 velocitatis
775 3465 967 3517 momentum
981 3455 1066 3540 quod
1081 3476 1193 3538 corpus
1208 3455 1242 3520 D
1257 3455 1461 3519 describendo
1472 3453 1608 3537 spatium

323 3583 417 3646 quam
432 3561 595 3624 minimum
609 3562 643 3625 D
659 3561 691 3636 d,
707 3584 746 3624 ex
761 3561 935 3625 resistentie
950 3562 1045 3625 medii
1060 3564 1189 3639 emittit3
1212 3578 1243 3628 et
1258 3578 1396 3629 sumatur
1414 3564 1441 3627 C
1457 3564 1489 3627 N
1504 3584 1610 3646 oequa·

322 3667 361 3732 lis
378 3669 459 3756 cg:
485 3669 543 3732 erit
558 3670 590 3733 N
605 3669 690 3732 locus
706 3669 746 3731 ad
761 3691 853 3755 quem
875 3691 987 3753 corpus
1009 3671 1155 3756 deinceps
1179 3674 1245 3736 sine
1266 3673 1412 3737 ulteriore
1434 3671 1610 3736 resistentie

323 3778 512 3854 ascenderet,
529 3790 560 3841 et
576 3778 615 3841 M
630 3779 664 3842 N
678 3779 737 3841 erit
751 3778 984 3842 decrementum
1006 3781 1150 3844 ascensus
1166 3803 1206 3844 ex
1221 3781 1390 3845 velocitatis
1412 3781 1493 3844 illius
1516 3781 1611 3844 amis·

325 3889 410 3951 sione
426 3886 603 3950 oriundum.
648 3886 701 3949 Ad
724 3886 778 3949 dl
798 3887 977 3952 demittatur
998 3890 1254 3974 perpendiculum
1278 3891 1361 3967 Fm,
1385 3903 1417 3954 et
1438 3890 1610 3954 velocitatis

324 3991 402 4054 DF
427 3993 659 4057 decrementum
685 3993 749 4080 Fg
771 4017 790 4057 a
811 3995 982 4060 resistentie
1005 3997 1039 4061 D
1058 3997 1088 4061 K
1112 3998 1261 4084 genitum,
1289 3997 1347 4059 erit
1372 3998 1413 4061 ad
1438 3996 1611 4061 velocitatis

324 4098 463 4181 ejusdem
477 4101 706 4166 incrementum
720 4101 738 4163 s
747 4124 779 4164 m
794 4125 812 4164 a
826 4102 857 4164 vi
874 4104 902 4166 C
917 4103 951 4167 D
965 4105 1115 4190 genitum,
1132 4117 1167 4166 ut
1181 4104 1226 4165 vis
1241 4125 1392 4189 generans
1414 4104 1448 4167 D
1466 4104 1497 4167 K
1514 4103 1553 4188 (ι)
1569 4102 1611 4165 ed

327 4288 411 4336 fimum
422 4305 583 4352 utrumquem
595 4310 679 4353 corpus
691 4294 714 4339 in
732 4294 873 4340 medionon
889 4294 956 4340 resis-
987 4295 1049 4342 enim
1070 4294 1212 4342 velocitatem
1229 4296 1323 4342 haberet
1342 4309 1427 4354 corpus
1445 4295 1470 4340 in
1490 4295 1523 4349 D.
1547 4310 1574 4343 ec
1593 4291 1612 4340 si

326 4361 391 4400 teate
401 4352 647 4403 oscillrudodeeeribit
662 4355 756 4404 indues
770 4358 956 4417 pertesoequsles
987 4358 1076 4406 seclusi
1096 4358 1161 4404 omni
1182 4357 1308 4404 resistendi
1336 4358 1484 4417 percurrisset
1510 4359 1613 4418 spetiem

326 4414 420 4464 dividit.
989 4423 1009 4469 C
1024 4423 1086 4469 F-
1100 4423 1120 4469 C
1133 4423 1164 4474 D,
1184 4432 1208 4467 et
1224 4420 1276 4468 ideo
1293 4425 1345 4481 (per
1360 4421 1431 4467 modo
1442 4422 1612 4476 demensum)

360 4481 396 4545 (¹)
409 4485 422 4510 ⁶
437 4481 469 4531 Et
485 4483 528 4528 erit
541 4484 562 4530 C
569 4483 596 4528 D
611 4493 638 4530 ut
654 4486 686 4530 vit
696 4501 711 4529 a
719 4487 832 4544 grauitate
846 4486 953 4541 oriundo,
986 4485 1011 4531 in
1023 4485 1100 4532 locod
1111 4487 1204 4532 heberet
1214 4485 1356 4532 velocitatem
1368 4485 1384 4531 d
1396 4485 1412 4542 l,
1429 4495 1453 4531 ct
1468 4487 1494 4531 iu
1511 4485 1565 4533 loco
1583 4484 1611 4531 Μ

327 4545 370 4592 &e
389 4554 451 4605 petet
463 4560 503 4604 per
514 4544 639 4592 denomtr.
657 4547 725 4606 Prop.
740 4547 784 4592 Ll.
799 4547 852 4593 Lib.
868 4548 889 4594 l.
986 4549 1085 4596 nulum.

360 4608 397 4671 (Β)
410 4612 424 4639 ’
440 4611 516 4662 Quom
534 4612 599 4657 laba
617 4612 651 4657 nir
670 4612 696 4656 in
710 4613 736 4658 D
752 4613 841 4657 adsim
856 4615 955 4671 perita·
1020 4613 1056 4676 (ι)
1070 4617 1081 4642 ⁸
1096 4615 1135 4660 Ar
1151 4616 1197 4661 eim
1213 4622 1361 4674 generantem
1380 4615 1441 4662 CD·
1479 4614 1542 4661 Sunt
1551 4611 1612 4661 enim

327 4673 417 4732 αἱμα
430 4673 485 4722 cor.
499 4678 522 4721 1.
537 4673 606 4733 Prop.
620 4673 666 4720 Ll.
680 4682 761 4719 error.
773 4679 828 4721 462.
848 4674 901 4721 Lib.
916 4675 937 4722 1.
985 4675 1134 4723 velocitatum
1153 4676 1267 4725 elementa
1287 4675 1342 4723 dete
1363 4676 1473 4737 temporis
1493 4685 1613 4724 momento

361 4735 393 4799 (¹)
405 4739 418 4767 ·
432 4739 488 4787 Erit
504 4739 536 4786 Μ
548 4739 654 4786 bened
668 4753 745 4801 m,
764 4737 806 4784 &e
839 4737 956 4787 Ermderu
985 4739 1072 4804 genite,
1083 4750 1111 4788 ut
1121 4739 1180 4788 vires
1190 4743 1387 4804 generamus.
1400 4741 1455 4788 Lib.
1470 4740 1517 4802 1.).
