3322 5738
142 504 145 511 ¹
187 439 250 495 806
508 424 848 490 PHILOSOPHIAE
872 425 1144 487 NATURALIS
1198 424 1306 502 [Mer.
1324 424 1479 491 Coacon.

188 623 310 686 semper
330 599 532 686 quantitatem
553 593 656 659 motirs
678 593 818 676 accipiat,
843 613 937 678 quam
952 591 1101 677 imprimit
1114 593 1147 655 in
1161 595 1323 658 materiam
1340 599 1479 664 vorticis.

189 710 265 774 Sine
278 706 333 770 tali
347 703 503 788 principio
519 722 645 765 necesse
659 713 707 764 est
722 711 756 762 ut
769 697 883 785 globus
897 710 929 762 et
944 696 1068 762 vorticis
1083 711 1186 782 partes
1200 699 1378 781 interiores,
1402 728 1480 789 pro·

187 830 336 905 pagantes
351 835 473 897 semper
487 824 606 874 motum
622 831 712 872 suum
728 810 761 871 iu
776 809 956 885 exteriores,
972 830 1074 894 neque
1083 831 1198 874 novum
1208 810 1347 897 aliquem
1355 828 1479 879 motum

187 929 379 1012 recipientes,
403 922 579 987 tardescant
592 919 740 1004 paulatim
757 930 788 982 et
803 920 836 982 in
850 918 959 983 orbem
973 917 1025 1006 agi
1039 918 1192 984 desinant.

232 1038 330 1102 Corol.
347 1045 376 1100 5.
401 1034 435 1099 Si
449 1033 561 1120 globus
576 1031 654 1095 alter
667 1030 741 1094 huic
755 1029 864 1094 vortici
878 1028 919 1093 ad
933 1042 1051 1093 certam
1066 1029 1105 1093 ab
1120 1030 1216 1113 ipsius
1231 1043 1341 1096 centro
1356 1033 1478 1098 distan-

188 1146 261 1210 tiam
278 1146 441 1221 innataret,
466 1156 498 1208 et
512 1143 629 1207 interea
654 1141 736 1204 circa
761 1162 853 1205 axem
878 1139 1078 1204 inclinatione
1099 1138 1207 1203 datum
1228 1139 1259 1202 vi
1279 1140 1386 1227 aliquia
1402 1167 1479 1208 con-

188 1267 306 1319 stanter
321 1253 529 1318 revolveretur
537 1276 546 1328 ;
560 1252 654 1336 hujus
669 1266 756 1315 motu
771 1262 931 1334 raperetur
946 1248 1078 1313 fluidum
1093 1250 1127 1313 in
1137 1250 1303 1315 vorticem:
1321 1264 1354 1316 ct
1367 1254 1477 1335 primo

188 1365 397 1430 revolveretur
418 1365 469 1428 bic
486 1376 596 1428 vortex
610 1385 709 1426 novus
724 1374 756 1426 et
770 1361 902 1448 exiguus
922 1358 985 1423 und
1006 1381 1078 1422 curn
1104 1359 1200 1446 globo
1220 1360 1305 1425 circa
1330 1375 1476 1427 centrum

189 1473 326 1551 alterius,
344 1488 376 1539 et
391 1474 510 1538 interea
523 1474 615 1537 latius
631 1484 770 1556 serperet
783 1471 881 1555 ipsius
894 1482 1009 1547 motus,
1033 1482 1064 1534 et
1077 1469 1227 1554 paulatim
1241 1486 1478 1558 propagaretur

188 1582 220 1643 in
235 1582 404 1658 infinitum,
429 1580 470 1644 ad
495 1579 624 1643 modum
647 1577 773 1642 vorticis
792 1577 895 1660 primi.
942 1577 984 1640 Et
1007 1575 1114 1641 eidem
1140 1577 1272 1654 ratione,
1296 1579 1359 1663 quai
1383 1579 1478 1664 hujus

189 1688 302 1774 globus
318 1699 478 1771 raperetur
492 1698 579 1749 motu
593 1684 718 1749 vorticis
739 1683 876 1759 alterius,
903 1694 1065 1766 raperetur
1090 1683 1183 1746 etiam
1208 1682 1323 1770 globus
1345 1685 1478 1749 alterius

188 1809 276 1859 motu
290 1795 392 1878 hujus,
420 1793 464 1855 sic
478 1806 513 1857 ut
526 1791 613 1879 globi
627 1790 694 1855 duo
709 1790 793 1854 circa
813 1788 1033 1853 intermedium
1053 1788 1180 1873 aliquod
1199 1805 1355 1872 punctum
1372 1793 1476 1855 revol-

190 1912 344 1977 verentur,
361 1921 455 1984 seque
470 1911 579 1963 mutuo
595 1898 636 1960 ob
651 1909 772 1960 motum
786 1895 875 1960 illum
890 1896 1072 1959 circularem
1087 1893 1241 1981 fugerent,
1264 1897 1327 1960 nisi
1340 1920 1402 1982 per
1416 1901 1479 1962 vim

190 2005 324 2090 aliquam
345 2004 485 2068 cohibiti.
530 2002 643 2068 Postea
658 2002 684 2066 si
699 2003 779 2066 vires
801 2013 978 2065 constanter
998 2000 1167 2084 impressae,
1194 2002 1309 2087 quibus
1333 2004 1425 2090 globi
1447 2009 1479 2069 in

189 2111 324 2175 motibus
339 2111 402 2174 suis
416 2123 624 2194 perseverant,
647 2121 811 2185 cessarent,
833 2120 865 2172 et
878 2106 984 2171 omnia
997 2108 1119 2194 legibus
1142 2107 1331 2174 mechanicis
1346 2115 1479 2195 permit-

189 2231 339 2296 terentur,
354 2219 569 2306 languesceret
583 2217 732 2302 paulatim
747 2230 850 2280 motus
863 2215 1031 2302 globorum
1056 2213 1111 2297 (ob
1133 2214 1286 2280 rationem
1307 2217 1342 2280 in
1368 2219 1480 2284 Corol.

190 2337 221 2394 3.
236 2341 267 2392 et
281 2338 311 2392 4.
328 2329 527 2416 assignatam)
544 2340 576 2392 et
589 2327 721 2391 vortices
735 2325 861 2390 tandem
877 2325 1138 2412 conquiescerent

246 2439 384 2503 Corol.6.
420 2439 453 2503 Si
478 2438 563 2525 globi
586 2437 690 2520 plures
712 2435 793 2500 datis
819 2436 852 2498 in
874 2435 950 2499 locis
970 2434 1088 2498 cucum
1107 2454 1181 2498 axes
1204 2435 1363 2519 positione
1390 2438 1482 2503 datos

190 2543 282 2606 certis
291 2563 361 2606 cunr
370 2544 583 2608 velocitatibus
592 2555 770 2606 constanter
778 2541 1018 2618 revolverentur,
1033 2540 1147 2605 fierent
1155 2542 1288 2605 vortices
1299 2544 1437 2608 totidem
1447 2547 1481 2608 in

191 2648 345 2713 infinitum
359 2662 532 2737 pergentes.
578 2649 661 2713 Nam
676 2649 763 2735 globi
777 2647 889 2735 singuli
911 2647 1020 2712 eadem
1042 2647 1162 2711 ratione
1184 2647 1244 2734 quai
1261 2670 1346 2713 unus
1366 2652 1483 2738 aliquis

190 2769 311 2820 motum
336 2778 426 2821 suum
448 2770 604 2843 propagat
625 2757 658 2818 in
673 2756 839 2832 infinitum,
866 2754 1084 2839 propagabunt
1104 2754 1197 2818 etiam
1218 2768 1324 2819 motus
1348 2780 1426 2821 suos
1449 2761 1482 2822 in

190 2862 355 2941 infinitum,
379 2864 458 2928 adeb
474 2877 508 2926 ut
522 2863 610 2925 fluidi
624 2861 737 2924 infiniti
752 2883 826 2945 pars
847 2882 1043 2946 unaquaeque
1058 2883 1095 2924 eo
1110 2861 1245 2948 agitetur
1260 2875 1354 2927 motu
1369 2868 1426 2951 qui
1441 2889 1483 2930 ex

190 2973 329 3034 omnium
354 2974 520 3060 globorum
543 2971 715 3038 actionibus
739 2971 876 3036 resultat.
923 2971 1018 3036 Unde
1042 2971 1172 3034 vortices
1195 2992 1261 3034 non
1287 2972 1483 3040 definientur

189 3082 281 3143 certis
296 3080 454 3162 limitibus,
479 3085 532 3148 sed
548 3083 579 3146 in
596 3106 630 3146 se
645 3095 755 3145 mutuo
771 3081 920 3165 paulatim
935 3092 1120 3155 excurrent3
1142 3079 1292 3166 globique
1307 3105 1370 3166 per
1385 3086 1483 3149 actio-

189 3209 244 3250 nes
259 3191 410 3253 vorticum
425 3191 456 3252 in
473 3213 505 3253 se
517 3203 636 3264 mutuo,
652 3203 807 3272 perpetuo
816 3187 1023 3251 movebuntur
1034 3185 1074 3249 de
1085 3185 1160 3250 locis
1170 3186 1244 3263 suis,
1262 3189 1308 3251 uti
1322 3191 1358 3253 in
1371 3193 1483 3255 Corol-

189 3293 266 3357 lario
282 3297 441 3378 superiore
461 3296 638 3378 expositum
653 3310 717 3370 est;
740 3317 842 3380 neque
857 3305 974 3357 certam
988 3293 1128 3378 quamvis
1139 3292 1219 3356 inter
1234 3316 1269 3357 se
1289 3299 1482 3378 positionem

189 3403 366 3478 servabunt,
382 3403 440 3465 nisi
456 3423 512 3486 per
527 3403 587 3463 vim
604 3401 738 3486 aliquam
756 3401 877 3465 retenti.
923 3400 1124 3463 Cessantibus
1145 3413 1249 3462 autem
1273 3403 1400 3467 viribus
1426 3407 1482 3469 illis

188 3531 259 3595 quae
275 3510 306 3570 in
320 3509 431 3595 globos
447 3520 624 3572 constanter
639 3509 798 3590 impresse
813 3519 997 3571 conservant
1018 3505 1112 3569 hosce
1133 3518 1247 3583 motus,
1277 3512 1417 3574 materia
1439 3513 1479 3575 ob

188 3615 339 3679 rationem
354 3615 386 3677 in
403 3613 577 3678 Corollario
592 3614 684 3677 tertio
698 3627 729 3676 et
743 3627 856 3698 quarto
871 3613 1066 3698 assignatam,
1089 3613 1240 3696 paulatim
1256 3619 1439 3702 requiescet
1453 3634 1481 3683 et

187 3723 219 3784 in
234 3722 365 3786 vortices
381 3720 432 3807 agi
447 3719 574 3782 desinet

232 3832 331 3895 Corol.
348 3839 377 3899 7.
411 3832 444 3896 Si
469 3830 600 3894 fluidum
622 3829 757 3892 similare
779 3829 988 3893 claudaturin
1002 3850 1076 3892 vase
1091 3829 1257 3914 sphaerico,
1283 3854 1326 3896 ac
1341 3837 1429 3924 globi
1452 3839 1480 3899 in

185 4068 240 4111 vas
255 4049 286 4111 in
309 4053 450 4116 eamdem
466 4067 586 4136 partem
608 4051 691 4114 circa
712 4073 803 4114 axem
825 4050 958 4113 eundem
981 4048 1189 4125 revolvantur,
1213 4052 1348 4137 sintque
1376 4079 1481 4139 eorum

185 4162 326 4236 tempora
341 4159 501 4240 periodica
516 4169 551 4221 ut
565 4158 716 4243 quadrata
731 4148 1066 4221 semi-diametrorum:
1082 4169 1186 4240 partes
1199 4157 1296 4222 fluidi
1312 4184 1383 4226 non
1399 4166 1482 4249 prius

184 4265 427 4346 perseverabunt
452 4269 484 4328 in
508 4268 644 4332 motibus
666 4268 730 4329 suis
753 4267 819 4330 sine
841 4266 1063 4330 acceleratione
1083 4278 1114 4329 et
1134 4267 1366 4352 retardatione,
1391 4277 1482 4362 quim

185 4368 248 4432 sint
263 4390 372 4430 eorum
387 4383 529 4452 tempora
551 4372 710 4455 periodica
726 4384 761 4434 ut
776 4373 927 4457 quadrata
948 4371 1165 4436 distantiarum
1178 4397 1198 4436 a
1214 4391 1332 4442 centro
1348 4386 1483 4448 vorticis

187 4479 225 4563 (⁸)
242 4478 315 4543 Alia
331 4479 417 4543 nulla
432 4479 557 4542 vorticis
573 4481 751 4546 constitutio
765 4495 869 4567 potest
884 4505 951 4546 esse
965 4505 1158 4565 permanens.

217 4650 252 4713 (⁸)
265 4656 278 4681 0
293 4654 347 4699 Atta
358 4655 424 4700 natta
435 4654 525 4701 vorticis
541 4654 670 4700 conanum
683 4663 813 4714 potestesse
845 4651 937 4727 vorticis
945 4653 1086 4708 constitutio,
1103 4663 1130 4699 ut
1140 4667 1193 4713 pars
1203 4656 1324 4716 quelibet
1337 4664 1409 4713 fluidi
1421 4667 1482 4728 posit

180 4730 329 4778 mmmm.
367 4717 429 4764 Nam
442 4721 482 4789 lex
493 4716 636 4780 demonstr.)
647 4732 675 4766 es
685 4717 753 4766 debet
763 4731 813 4765 erse
844 4731 870 4764 ur
881 4731 925 4765 suo
934 4726 1000 4764 motu
1008 4717 1322 4785 adsumtum,
1336 4740 1363 4776 ee
1373 4741 1480 4780 mm
