3322 5738
98 435 211 503 Lmen
223 434 386 514 Saeuum]
420 433 663 500 PRINCIPIA
685 433 1054 505 MATHEMATICA.
1320 447 1383 505 289

99 617 203 669 autem
218 602 409 687 temporibus
423 602 485 667 itus
500 615 532 667 et
545 601 662 668 redittis
677 602 769 666 unius
784 602 888 666 eundo
907 603 1087 669 latitudines
1109 627 1180 670 suas
1202 607 1381 686 conficiunt,

96 714 159 778 hoc
173 727 229 790 est,
252 715 350 798 spatia
370 714 562 798 temporibus
575 711 820 797 proportionalia
839 725 1045 796 percurrunt,
1071 723 1103 777 et
1122 728 1289 799 propterea
1310 731 1383 783 suut

98 822 311 908 aequiveloces.

142 933 210 995 Cas.
228 940 257 993 3.
283 929 321 991 ln
336 928 446 993 mediis
461 928 557 1015 igitur
577 927 731 994 densitate
745 940 777 994 et
790 929 821 993 vi
835 928 960 994 elasticei
982 931 1119 1014 paribus,
1142 934 1250 1016 pulsus
1272 955 1380 997 omnes
1404 932 1415 953 ⁸

99 1049 171 1099 sunt
191 1035 402 1121 aequiseloces.
448 1033 544 1110 Quod
559 1035 584 1097 si
599 1035 692 1098 medii
707 1035 756 1099 vel
770 1035 906 1100 densitas
922 1037 971 1099 vel
986 1037 1031 1099 vis
1045 1037 1170 1103 elastice
1190 1040 1378 1116 intendatur,

98 1143 244 1229 quoniam
259 1143 304 1204 vis
320 1141 435 1205 motrix
449 1142 481 1203 in
497 1140 675 1205 rationesis
690 1141 835 1218 elesticae,
858 1155 890 1205 et
903 1142 1032 1207 materie
1045 1144 1199 1209 movenda
1213 1146 1246 1209 in
1260 1147 1380 1211 ratione

97 1252 257 1316 densitatis
283 1264 433 1337 augetur3
460 1251 495 1334 (²)
517 1263 649 1333 tempus,
674 1271 737 1335 quo
762 1262 865 1314 motus
890 1250 984 1314 iidem
1008 1266 1197 1338 peragantur
1222 1275 1258 1316 ac
1280 1255 1377 1338 prius,

96 1358 260 1443 augebitur
273 1356 305 1418 in
321 1355 535 1440 subduplicati
550 1355 670 1419 ratione
684 1355 853 1433 densitatis,
870 1376 907 1418 ac
922 1355 1111 1421 diminuetur
1121 1359 1152 1421 in
1162 1359 1377 1441 subduplicati

96 1464 215 1526 ratione
230 1463 275 1526 vis
286 1462 429 1526 clasticoe.
476 1462 518 1526 Et
532 1475 699 1547 propterea
713 1462 859 1527 velocitas
874 1462 1021 1547 pulsuum
1037 1464 1096 1527 erit
1110 1464 1143 1527 in
1157 1465 1276 1529 ratione
1291 1487 1377 1530 oom-

95 1568 196 1654 positi
211 1591 252 1632 ex
268 1570 386 1633 ratione
401 1567 616 1650 subduplicatai
639 1567 797 1634 densitatis
819 1568 914 1635 medii
935 1567 1056 1635 inverse
1070 1583 1103 1635 et
1123 1572 1243 1637 ratione
1258 1571 1378 1638 subdu·

95 1677 206 1761 plicatis
221 1678 266 1740 sis
281 1677 414 1742 elasticae
427 1675 554 1741 directe.
600 1676 643 1751 Q.
658 1699 685 1740 e.
701 1676 733 1740 d.
832 1720 838 1731 ·

139 1783 222 1848 Haec
238 1784 413 1869 Propositio
428 1783 556 1848 ulterius
570 1782 690 1866 patebit
704 1803 744 1847 ex
757 1785 985 1850 constructione
999 1787 1151 1870 sequenti.

318 2051 601 2118 PROPOSITIO
625 2051 754 2117 XLIX.
800 2052 1058 2119 PROBLEMA
1081 2054 1145 2120 XI.

178 2251 274 2315 Datis
287 2250 379 2312 medii
392 2249 539 2311 detssitote
553 2257 582 2310 et
596 2249 628 2310 vi
641 2243 776 2324 rustico,
801 2249 935 2310 ismire
949 2249 1131 2310 velocitatem
1140 2255 1288 2330 matum.

137 2441 305 2528 Fingamus
319 2438 456 2502 medium
472 2437 512 2500 ab
527 2436 725 2500 incumbente
738 2436 878 2520 pondere
892 2457 951 2519 pro
965 2457 1052 2500 more
1073 2437 1153 2501 ae'ris
1175 2437 1272 2502 nostri
1286 2459 1373 2502 com·

89 2547 200 2630 primi;
215 2548 314 2631 sitque
330 2546 360 2609 Α
376 2543 508 2608 altitudo
522 2543 616 2606 medii
630 2542 826 2628 homogenei
850 2545 939 2628 cujus
953 2542 1076 2625 pondus
1091 2543 1234 2628 adaequet
1247 2544 1372 2628 pondus

92 2652 283 2728 incumbens,
300 2663 331 2714 et
345 2654 431 2736 cujus
446 2649 581 2714 densitas
596 2649 706 2713 eedem
720 2650 760 2712 sit
774 2671 846 2712 cnm
861 2648 1012 2714 densitate
1026 2650 1122 2715 medii
1136 2653 1315 2735 oompressi,
1338 2653 1371 2716 in

91 2784 153 2848 quo
174 2762 281 2846 pulsus
302 2773 523 2848 propaguntur.
569 2758 725 2824 Constitui
746 2772 849 2824 autem
871 2759 1061 2847 intelligatur
1078 2762 1260 2846 pendulum,
1283 2763 1371 2846 cujus

122 2974 154 3038 (²)
170 2977 276 3035 Tempus.
291 2991 336 3037 quo
346 2983 422 3023 notus
432 2975 501 3021 iidem
510 2983 659 3034 montes,
667 2973 710 3021 se
745 2972 840 3022 licium:
859 2972 911 3024 soni
919 2971 975 3022 sero
984 2974 1009 3021 in
1019 2974 1102 3023 eodem
1113 2978 1166 3023 sere
1176 2975 1281 3035 producti
1293 2991 1322 3024 eo
1332 2976 1370 3025 iss·

92 3038 197 3097 Tempus
207 3053 255 3098 quo
265 3049 344 3084 motus
354 3052 395 3095 pet
406 3035 504 3098 equalis
515 3038 588 3094 spatis
598 3051 713 3112 peragun-
744 3037 855 3083 tensioses
865 3046 926 3092 sunt.
937 3049 1047 3085 manente
1057 3048 1121 3095 tono,
1132 3054 1180 3100 quo
1191 3040 1266 3102 majus
1274 3051 1309 3087 eat
1317 3055 1368 3100 ape·

89 3112 129 3148 tur
139 3111 174 3146 est
185 3101 210 3147 in
221 3101 308 3147 satione
324 3097 492 3158 compositior
504 3098 665 3158 subduplieete
676 3113 715 3145 rs·
745 3100 804 3147 tium
820 3098 883 3160 quod
898 3100 957 3146 e‘etis
975 3102 1093 3160 particule
1111 3102 1190 3148 eundo
1207 3114 1232 3150 et
1248 3102 1368 3150 mdaundo
1416 3102 1419 3107 '

89 3167 153 3212 tione
170 3165 271 3211 materie
286 3163 407 3210 movendae
422 3162 509 3210 directe
519 3172 542 3209 et
552 3161 714 3221 subduplicati
744 3163 877 3211 describunt
893 3163 949 3210 dato
964 3173 1082 3224 tempore;
1102 3175 1129 3211 ut
1147 3167 1166 3210 si
1182 3166 1268 3212 chorda
1278 3168 1368 3214 musica

88 3229 179 3275 ratione
195 3228 229 3274 sis
245 3228 346 3274 metricis
362 3226 451 3273 inverse
463 3231 515 3289 (per
533 3227 585 3274 Cor.
596 3232 619 3274 5.
639 3225 709 3287 Prop.
745 3225 844 3275 selidius
854 3227 966 3286 pulsetur,
983 3228 1081 3289 majores
1092 3229 1230 3275 vibrationes
1240 3228 1295 3274 dato
1305 3240 1365 3276 tem·

91 3291 208 3351 xxtv.)
228 3289 328 3353 ideoque
346 3291 372 3338 in
389 3293 433 3338 boc
449 3290 517 3337 tertio
533 3305 594 3344 casu,
611 3300 711 3350 tempus,
743 3291 905 3353 pueepemgit,
917 3291 1225 3353 majoresqueosciltuionea
1239 3292 1366 3352 perticula-

88 3366 198 3402 manente
209 3356 283 3417 spatio
294 3355 415 3414 descripto,
426 3354 549 3414 augebitur
559 3353 712 3412 insubdupli-
743 3369 795 3402 rum
807 3355 865 3401 sitris
875 3355 967 3410 oscitet,
984 3365 1008 3402 et
1023 3370 1094 3402 sonus
1108 3354 1363 3418 intensios'pereipitur,

88 3419 139 3467 esti
150 3422 238 3467 rationo
249 3419 375 3474 desumus
390 3433 417 3465 se
433 3416 576 3464 diminuetur
586 3417 611 3462 in
621 3416 710 3463 subdu·
741 3418 796 3465 lieet
806 3428 876 3465 tonus
886 3418 949 3465 idem
960 3427 1055 3466 manat
1064 3429 1088 3466 et
1098 3417 1196 3479 proinde
1206 3419 1318 3479 pulsuum
1328 3418 1364 3467 ls-

87 3484 173 3545 plioets‘s
184 3483 271 3529 ratione
279 3482 313 3528 sis
322 3483 429 3537 eleaticis,
440 3479 594 3540 etpropterel
601 3480 711 3528 velocitas
741 3481 818 3529 titudo
836 3497 863 3531 ae
878 3481 987 3530 selocitss
1002 3497 1049 3530 non
1066 3492 1192 3530 mutentur.
1229 3481 1290 3530 Cum

87 3563 141 3610 que
157 3558 192 3593 est
203 3557 229 3593 ut
240 3546 340 3606 spatium
359 3544 445 3592 directe
463 3555 487 3591 et
503 3554 595 3605 tempus
612 3542 709 3602 insessi,
741 3554 806 3593 tenta
817 3546 847 3593 sit
856 3546 963 3594 velocitas
981 3545 1040 3593 lucis
1050 3556 1077 3594 ut
1091 3560 1131 3606 per
1146 3497 1363 3606 amospbmrnairi

88 3614 130 3674 (ob
146 3610 229 3657 Qum
247 3610 348 3669 apetium
364 3625 404 3670 pes
422 3609 502 3670 Hyp.)
521 3610 564 3656 erit
581 3610 606 3656 in
623 3608 712 3656 mtione
742 3609 836 3656 instanti
847 3609 923 3672 quoad
933 3626 1029 3658 sensum
1040 3620 1179 3672 propagetur
1190 3612 1242 3672 (pes
1252 3609 1362 3657 scboied

87 3674 215 3734 compositi
226 3689 254 3720 er
265 3674 353 3721 ratione
364 3672 525 3732 subduplicuui
535 3671 652 3720 densitatis
661 3688 711 3720 me-
745 3673 816 3733 Prop
831 3673 927 3721 XCVI.
941 3675 994 3723 Lib.
1011 3673 1063 3734 l.);
1079 3674 1182 3721 sisonus
1192 3684 1215 3719 et
1226 3672 1267 3718 lux
1278 3671 1361 3718 eodem
1377 3697 1381 3704 ·

88 3739 120 3785 dii
132 3736 229 3793 inverse,
246 3749 270 3784 et
286 3737 375 3784 ratione
391 3735 549 3797 subduplitati
562 3738 596 3783 sis
611 3737 711 3783 clasticae
742 3746 831 3797 puncto
841 3738 951 3797 temporis
962 3738 1096 3791 excitentur,
1108 3736 1144 3784 uti
1154 3735 1178 3781 in
1189 3734 1303 3783 machinis
1313 3736 1360 3783 bel·

88 3801 188 3859 direct&
206 3801 248 3849 sed
263 3801 323 3848 datis
338 3800 408 3847 medii
420 3800 533 3847 deputate
543 3809 566 3847 et
577 3800 597 3847 si
609 3798 709 3856 elestiei,
742 3799 791 3846 licis
801 3797 1360 3863 flammsetfmgorproducuntursimul,etspec-

89 3866 197 3913 velocitas
213 3865 333 3926 pulsuum,
351 3877 477 3927 utcumque
488 3865 586 3911 sarictur
602 3863 709 3923 spatium,
741 3872 801 3909 tator
818 3864 919 3923 spatium
937 3878 985 3925 quo
1002 3879 1017 3910 s
1034 3878 1128 3924 corpore
1146 3873 1266 3911 resonante
1283 3862 1362 3921 distat,
1380 3906 1384 3917 ,

87 3927 140 3976 deta
155 3940 195 3984 est,
214 3933 266 3992 (per
278 3930 330 3975 Cas.
348 3935 368 3976 1.
381 3938 404 3975 et
415 3930 452 3990 ⁴2.)
468 3926 524 3990 ergo
539 3927 646 3974 velocitas
657 3927 708 3987 pul·
741 3937 879 3989 tempusque
896 3928 959 3991 quod
976 3926 1035 3974 intes
1052 3926 1148 3973 luminis
1158 3935 1181 3973 et
1197 3926 1247 3973 soni
1266 3941 1360 3987 percap-

88 4008 157 4040 suum
168 3995 212 4039 erit
222 4008 312 4052 semper
323 3994 346 4038 in
354 3993 443 4040 radone
451 3991 576 4052 compositi
585 3991 709 4037 erratione
740 3991 815 4037 tiones
830 3991 957 4047 intercedit,
973 3988 1119 4046 dimedistur,
1135 3990 1185 4036 soni
1201 3989 1309 4037 velocitas
1323 3991 1361 4037 in·

87 4056 247 4116 subduplicsti
263 4057 381 4104 densitatis
391 4056 462 4103 medii
478 4053 566 4103 inversi
581 4064 606 4102 et
621 4053 708 4101 ratione
739 4063 848 4101 notcaoet.
885 4056 965 4118 Atque
981 4068 1009 4100 eo
1024 4054 1130 4100 modain
1145 4053 1213 4100 seriis
1229 4054 1362 4117 regionibus

87 4120 248 4180 muduptieaut
259 4122 292 4168 vis
302 4122 400 4170 clasticse
411 4117 503 4167 directe.
741 4116 803 4164 seris
813 4120 931 4165 observata
938 4129 973 4166 est
983 4115 1090 4163 velocitas
1100 4117 1158 4171 soni,
1170 4127 1193 4164 et
1202 4118 1225 4163 in
1237 4119 1324 4181 Anglii
1332 4116 1362 4167 ed

121 4190 174 4232 stt.
196 4185 233 4231 Er
245 4186 288 4231 bie
302 4185 462 4245 Propositione
472 4191 535 4243 patet
546 4197 588 4228 cur
598 4180 648 4228 soni
659 4195 709 4227 om·
741 4181 856 4228 celemmte
865 4181 926 4239 lessi,
941 4179 1080 4229 Flsmstedio
1090 4190 1114 4227 et
1126 4181 1308 4242 Helleyosisum
1317 4192 1359 4235 eat,

88 4249 124 4294 nis
134 4249 232 4309 generis,
250 4249 325 4308 gravis
335 4260 358 4294 et
368 4259 459 4300 emtus.
478 4247 583 4292 intensus
593 4254 616 4291 et
631 4245 711 4291 retnis-
741 4244 789 4319 qul
798 4243 868 4304 pedes
880 4245 1040 4293 Londinenses
1050 4244 1104 4303 plus
1113 4244 1193 4292 minus
1208 4250 1275 4302 11⁴9,
1295 4246 1360 4293 Pari·

89 4327 135 4365 stas,
153 4312 201 4371 pari
216 4312 334 4359 velocitate
345 4311 369 4356 in
380 4312 461 4358 Mem
477 4311 530 4357 s'e're
546 4318 708 4371 propagentur.
742 4323 827 4355 nenses
837 4308 891 4357 serti
904 4315 971 4362 1070.
983 4319 1086 4368 tempore
1097 4308 1181 4356 minuti
1192 4311 1262 4357 unius
1278 4324 1361 4356 meun-

89 4375 152 4419 Nam
162 4390 272 4421 sonornm
280 4374 404 4425 disaraitas,
412 4374 489 4435 quoad
498 4389 567 4434 grase
575 4381 708 4427 etncutuss,
742 4371 766 4418 di
778 4383 926 4432 percurreret.
959 4372 1023 4426 Quis
1033 4371 1088 4421 sard
1095 4373 1197 4421 densitas
1207 4386 1229 4419 et
1240 4375 1274 4417 sis
1284 4372 1360 4419 alesti-

87 4453 101 4482 s
114 4453 209 4484 numero
221 4439 331 4498 pulsuum
343 4438 383 4498 qui
394 4439 417 4482 in
429 4440 481 4483 a'e're
490 4447 593 4495 tempore
603 4435 657 4482 dato
667 4451 709 4483 ex·
741 4451 768 4483 cs
778 4436 836 4482 sciis
846 4436 870 4483 in
879 4437 946 4483 seriis
954 4437 1078 4484 Terrarum
1087 4438 1150 4492 locis,
1162 4436 1300 4496 diversisque
1306 4434 1361 4480 sani

87 4501 194 4556 citantur,
216 4503 300 4561 pendet
331 4500 408 4559 ³16);
430 4510 454 4546 et
474 4505 525 4561 (per
542 4503 601 4548 benc
625 4500 709 4560 Prop.)
741 4501 913 4558 tempeststibus
934 4501 959 4546 in
980 4501 1061 4547 aulem
1084 4501 1135 4546 loco
1155 4508 1284 4552 mutantur,
1306 4496 1361 4543 inde

87 4564 168 4624 pulsus
178 4565 243 4620 siris,
256 4580 297 4612 seu
308 4581 324 4624 p
334 4579 386 4611 ures
397 4578 436 4609 seu
446 4564 567 4622 pauciores
581 4565 636 4611 dato
650 4573 709 4609 tem·
741 4577 835 4625 quoque
853 4565 938 4611 mutari
956 4575 1045 4624 oportet
1060 4563 1110 4609 soni
1122 4562 1273 4608 velocitatem.
1310 4560 1361 4606 Diu

86 4644 141 4687 pora
153 4627 315 4686 producantur,
332 4627 414 4673 eidem
431 4641 521 4686 semper
536 4629 654 4674 velocitate
664 4625 710 4673 dit-
741 4625 855 4672 creditum
866 4639 908 4684 est,
925 4629 1097 4673 observantibus
1110 4626 1243 4678 Messenno,
1262 4624 1361 4669 Gemen-

85 4691 219 4737 r'unduntur
229 4701 253 4736 et
263 4691 319 4739 dato
329 4701 433 4751 tempore
445 4689 526 4738 mum
537 4691 638 4752 medum
654 4704 710 4737 con·
742 4688 780 4743 do.
804 4698 828 4737 et
849 4689 996 4739 Academicis
1017 4689 1164 4744 Florentinis,
1181 4701 1265 4734 wnusn
1286 4701 1362 4748 nsque

119 4771 179 4818 Vos..
194 4771 231 4819 11.
712 4771 736 4818 T
