3322 5738
193 418 311 489 Luna
327 418 494 499 Saeuum]
543 418 784 486 PRINCIPIA
807 418 1181 489 MATHEMATICA.
1423 437 1485 499 loe

190 602 317 673 partem
331 586 428 664 illam,
445 608 516 672 quae
531 588 630 651 oritur
644 610 685 652 ex
700 587 852 652 densitate
866 587 965 665 fluidi,
982 588 1118 651 diximus
1133 611 1200 652 esse
1214 589 1246 650 in
1261 589 1420 674 duplicata
1434 615 1484 657 ra·

190 696 280 761 tione
291 695 479 772 velocitatis3
494 718 567 781 pars
583 697 690 774 ultera,
706 719 778 783 quae
792 698 891 761 oritur
905 719 947 760 en
958 700 1122 763 tenacitate
1132 700 1230 778 fluidi,
1247 714 1294 764 est
1308 702 1480 780 uniformis,

190 806 258 871 sive
272 818 310 869 ut
323 816 518 869 momentum
532 805 700 889 temporis:
723 803 856 889 ideoque
865 805 932 889 jam
947 826 1079 891 pergere
1094 804 1201 869 liceret
1215 805 1254 869 ad
1269 820 1389 871 motum
1411 829 1480 871 cor-

189 933 316 999 porum,
332 911 445 997 quibus
459 911 613 975 resistitur
626 911 739 995 partim
761 909 791 972 vi
812 909 959 973 uniformi
982 933 1037 973 seu
1058 911 1091 973 in
1113 912 1233 976 ratione
1248 925 1478 978 momentorum

189 1018 352 1105 temporis,
376 1030 408 1082 et
428 1019 543 1102 partim
566 1018 598 1079 in
620 1017 739 1080 ratione
760 1015 917 1100 duplicati
929 1015 1109 1081 velocitatis.
1157 1018 1220 1082 Sed
1235 1018 1346 1082 sufficit
1360 1019 1479 1083 aditum

188 1126 374 1213 patefecisse
396 1126 436 1190 ad
457 1125 540 1191 hanc
562 1124 804 1211 speculationem
826 1125 858 1187 in
882 1125 1151 1208 Propositionibns
1167 1127 1262 1190 VIII.
1281 1139 1313 1190 et
1328 1127 1390 1191 IX.
1407 1150 1478 1213 quae

188 1231 385 1317 precedunt,
401 1244 556 1297 eteorum
572 1230 763 1297 Corollariis.
795 1231 834 1316 (¹¹)
847 1231 886 1294 In
900 1229 1011 1295 iisdem
1023 1232 1128 1317 utique
1139 1253 1198 1316 pro
1213 1235 1352 1317 corporis
1367 1256 1476 1299 ascen·
1494 1254 1499 1270 ·

187 1338 293 1405 dentis
315 1340 490 1406 resistentiri
512 1340 668 1417 uniformi,
692 1360 762 1425 quae
777 1360 818 1403 ex
833 1339 898 1424 ejus
912 1340 1063 1425 gravitate
1078 1342 1187 1417 oritur,
1211 1343 1355 1407 substitui
1369 1357 1474 1430 potest
1492 1340 1498 1392 ¹

188 1446 367 1513 renuentia
381 1445 552 1524 uniformis,
576 1466 647 1533 quae
662 1446 762 1510 oritur
776 1468 817 1510 ex
831 1446 996 1510 tenacitate
1010 1447 1114 1524 medii,
1138 1449 1263 1534 quando
1277 1472 1391 1535 corpus
1406 1452 1473 1517 sold
1492 1494 1499 1537 5

189 1554 224 1618 ri
236 1552 327 1619 inriti
340 1565 484 1617 movetur
490 1577 501 1630 3
524 1564 556 1617 et
576 1575 708 1637 corpore
729 1552 812 1617 recti
835 1553 1020 1619 ascendente
1042 1554 1158 1619 addere
1173 1556 1245 1622 IIcet
1259 1556 1341 1621 hanc
1356 1559 1474 1623 unifor·
1492 1542 1497 1553 ⁵

190 1682 274 1726 mem
297 1660 504 1727 resistentiam
528 1660 559 1724 vi
583 1658 760 1747 gravitatis3
790 1658 984 1746 eandemque
1006 1661 1189 1740 subducere,
1214 1663 1340 1748 qnando
1359 1684 1473 1750 corpus

188 1766 275 1833 recta
287 1766 460 1832 deseendit.
507 1767 643 1854 Pergere
658 1766 751 1830 etiam
773 1765 880 1830 liceret
894 1765 934 1830 ad
949 1749 1070 1832 inotum
1092 1789 1270 1852 corporum,
1296 1771 1409 1856 quibus
1422 1793 1474 1836 re·

187 1878 305 1942 sistitur
326 1878 441 1961 partim
456 1875 659 1952 uniformiter,
683 1875 796 1959 partim
811 1875 844 1938 in
859 1875 978 1938 ratione
992 1862 1171 1952 velocitatis,
1195 1888 1228 1940 et
1241 1879 1355 1961 partim
1369 1876 1401 1940 in
1423 1896 1473 1942 ra·

186 1986 272 2052 tione
282 1984 439 2069 duplicati
455 1982 636 2047 velocitatis.
685 1983 728 2046 Et
743 1983 825 2046 viam
840 1983 947 2066 aperui
963 1982 995 2044 in
1012 1982 1282 2068 Propositionibus
1292 1983 1473 2068 praeoeden·

186 2095 270 2159 tibus
286 2093 387 2179 XIII.
403 2104 435 2156 et
449 2091 543 2155 XIV.
561 2092 603 2175 (¹)
619 2090 652 2153 in
668 2088 781 2176 quibus
796 2089 889 2153 etiam
904 2089 1077 2151 resistentia
1092 2088 1263 2165 uniformis,
1287 2111 1358 2174 quae
1373 2091 1472 2155 oritur

184 2228 227 2271 ex
241 2203 409 2269 tenacitate
422 2200 518 2266 medii
534 2222 592 2285 pro
602 2200 632 2263 vi
646 2197 817 2286 gravitatis,
841 2197 984 2260 substitui
1006 2208 1119 2279 potest,
1143 2195 1193 2258 vel
1207 2218 1278 2259 cunr
1293 2195 1414 2274 eidem,
1436 2207 1472 2261 ut

184 2312 287 2395 prius,
303 2308 456 2393 componi.
500 2306 563 2371 Sed
577 2326 713 2391 propero
727 2304 768 2368 ad
782 2303 850 2368 alia.

222 2502 504 2566 (¹)‘1niidenan'qne
518 2500 594 2564 (105).
844 2498 980 2559 exponebat,
992 2509 1108 2542 summam
1119 2492 1467 2567 gravitatisetreeistentiauni·

219 2566 258 2630 (⁸)
277 2572 290 2597 ⁰
301 2570 334 2616 In
352 2571 431 2629 quem
447 2573 514 2616 ettam
532 2565 660 2613 resistentia
681 2564 812 2639 uniformis,
844 2561 926 2609 formis
947 2560 979 2635 In·
993 2558 1107 2632 pradictis
1128 2557 1338 2630 constructionibus
1359 2566 1466 2616 exponet.

186 2631 232 2679 hoc
242 2640 285 2687 est,
301 2631 415 2689 timue
425 2629 473 2679 soli
484 2630 507 2676 vi
518 2626 588 2677 runt
603 2629 698 2685 teratur,
715 2643 740 2675 rn
757 2641 813 2676 con-
846 2623 978 2675 deemn
990 2636 1075 2686 corpus
1085 2637 1106 2670 rr
1117 2630 1235 2687 gnorunt
1242 2618 1373 2678 inundet,
1385 2619 1468 2669 eadem

184 2694 351 2742 mannitus
362 2694 432 2755 I'rop.
449 2694 528 2741 IIIII.
547 2704 571 2740 et
589 2692 672 2746 xiv..
690 2708 743 2755 quar
758 2703 814 2739 sunt
844 2690 961 2754 quantitas
975 2705 1028 2763 qup
1044 2687 1117 2763 solam
1128 2688 1410 2763 gxrnvintemaerponeprt,
1427 2700 1468 2732 ex.

184 2758 358 2869 mm
348 2772 451 2868 ”2⁹¹⁴
464 2756 516 2804 ¹⁰⁰⁰
525 2755 814 2867 ⁸⁷·'⁵tt::t¹’tt¹tt⁶t
844 2749 1468 2876 ffit‘ttttttttsstttffi‘ffl

184 2831 256 2932 mi
269 2903 278 2943 ς
289 2836 406 2947 ricardi:
421 2836 602 2932 murgi?
650 2884 725 2930 vitatis
740 2884 811 2930 etiam
842 2881 988 2943 presentabit
1000 2879 1098 2944 (ceteris
1108 2875 1276 2928 manentibus-i

184 2958 302 3012 rugatur,
325 2948 610 3013 qimnmssnquw
675 2946 810 3010 gravitatem
