3322 5738
227 395 289 452 258
550 388 888 457 PHILOSOPHIAE
912 389 1183 456 NATURALIS
1238 388 1347 469 [Mor.
1359 389 1522 460 conon.

226 557 416 643 singularum
434 573 537 644 partes
558 560 725 638 altissimae,
749 559 880 623 vallibus
895 558 1024 623 totidem
1039 558 1228 622 intermediis
1244 559 1284 621 ab
1297 559 1432 623 invicem
1447 565 1516 624 dis·

225 668 338 731 tinctae.
386 668 486 754 Igitur
507 670 652 755 quoniam
675 693 755 756 aqua
773 671 807 731 in
827 668 982 737 undarum
995 669 1080 754 jugis
1095 667 1185 731 altior
1200 680 1248 731 est
1263 692 1357 753 quam
1372 669 1405 731 in
1421 670 1517 734 fluidi

223 776 363 858 partibus
379 777 513 840 immotis
530 777 559 840 L
576 777 618 854 K,
637 778 668 840 N
685 777 726 853 Ο,
749 776 867 859 defluet
879 774 987 839 eadem
1002 774 1042 836 de
1051 776 1200 860 jugorum
1216 775 1355 837 terminis
1371 799 1398 851 e,
1412 800 1445 862 g,
1458 776 1480 852 i,
1493 776 1515 852 i,

223 883 280 945 &a
297 883 328 958 d,
344 883 365 958 f,
383 883 413 960 b,
430 884 461 960 k,
478 885 534 947 &c
551 884 715 947 hincinde
734 905 841 946 versus
864 882 896 946 K
911 882 940 945 L
956 894 987 943 et
1004 881 1035 943 N
1052 881 1100 944 0:
1128 892 1160 942 et
1181 881 1328 965 quoniam
1348 882 1387 964 (ὓ)
1405 883 1437 943 in
1454 904 1515 945 un·

222 986 333 1051 darum
348 990 478 1053 vallibus
493 990 670 1075 depressior
685 1003 731 1053 est
745 1012 839 1074 quam
853 989 885 1050 in
899 987 987 1050 fluidi
1002 986 1142 1071 partibus
1159 987 1293 1050 immotis
1313 987 1345 1051 K
1356 988 1396 1065 L,
1417 990 1449 1052 N
1461 990 1510 1066 0;

221 1096 336 1161 defluet
365 1099 473 1162 eadem
497 1099 537 1163 de
559 1099 700 1184 partibus
724 1098 784 1161 iilis
812 1098 946 1159 immotis
971 1097 1003 1158 in
1032 1096 1186 1158 undarum
1216 1095 1320 1158 valles.
1365 1095 1512 1161 Defluxu

219 1206 323 1288 priore
337 1207 493 1270 undarum
503 1209 590 1294 juga,
612 1207 784 1290 posteriore
804 1205 898 1269 valles
913 1204 987 1268 hinc
1002 1204 1075 1266 inde
1097 1203 1266 1266 dilatantur
1281 1217 1312 1265 et
1326 1225 1511 1292 propagan-

218 1326 269 1376 tur
284 1337 390 1378 versus
409 1316 441 1380 K
457 1316 486 1379 L
502 1329 533 1379 et
549 1317 581 1379 N
598 1316 638 1379 Ο.
684 1315 727 1378 Et
741 1316 887 1401 quoniam
902 1326 1005 1377 motus
1027 1314 1181 1377 undarum
1202 1313 1242 1376 ab
1258 1315 1288 1376 A
1304 1336 1411 1377 versus
1429 1317 1457 1379 P
1473 1317 1508 1391 Q

217 1421 253 1482 fit
268 1444 326 1503 per
342 1422 525 1484 continuum
540 1421 700 1485 defluxum
710 1422 860 1507 jugorum
874 1421 907 1482 in
922 1419 1016 1483 valles
1028 1419 1197 1503 proximos,
1221 1419 1353 1505 ideoque
1370 1423 1407 1504 (⁶)
1424 1423 1507 1488 ceie-

215 1529 279 1591 rior
294 1552 357 1591 non
372 1543 419 1593 est
434 1529 527 1615 quim
541 1553 600 1615 pro
620 1530 776 1594 celeritate
793 1530 960 1593 descensus
968 1553 977 1604 ;
999 1541 1031 1592 et
1050 1529 1217 1592 descensus
1232 1552 1321 1615 aquae
1336 1531 1411 1593 hinc
1426 1533 1505 1597 inde

214 1660 320 1700 versus
339 1638 369 1700 K
386 1637 415 1700 L
430 1651 461 1700 et
478 1639 509 1701 N
528 1638 559 1701 O
575 1637 685 1700 eidem
700 1637 861 1700 velocitate
877 1636 983 1721 peragi
999 1635 1108 1711 debet3
1124 1637 1346 1722 propagabitur
1360 1637 1507 1703 dilatatio

213 1747 367 1809 undarum
383 1743 456 1807 hinc
472 1745 544 1807 inde
560 1768 667 1808 versus
690 1745 720 1808 K
738 1746 767 1809 L
782 1757 814 1808 et
829 1746 861 1808 N
878 1745 909 1808 O
924 1744 1032 1807 eidem
1053 1746 1215 1810 velocitate
1231 1746 1291 1831 quir
1307 1748 1402 1810 undae
1423 1749 1505 1832 ipsae

212 1855 251 1916 ab
268 1856 298 1916 A
310 1876 415 1917 versus
433 1855 460 1917 P
476 1854 508 1930 Q
524 1854 608 1918 recti
625 1853 878 1940 progrediuntur.
925 1853 1124 1938 Proindeque
1147 1856 1279 1938 spatium
1301 1868 1403 1918 totum
1425 1857 1504 1922 hinc

210 1965 283 2028 inde
299 1989 404 2028 versus
422 1966 453 2029 K
470 1967 499 2029 L
515 1979 546 2031 et
562 1967 592 2029 N
610 1966 641 2029 O
657 1965 696 2028 ab
712 1965 804 2027 antiis
818 1963 953 2027 dilatatis
969 1986 985 2025 r
1000 1963 1047 2048 lg
1062 1986 1087 2037 r,
1104 1985 1118 2025 s
1133 1963 1155 2024 h
1171 1964 1181 2025 i
1197 1986 1223 2040 s,
1239 1963 1285 2026 tk
1300 1964 1310 2025 i
1325 1978 1347 2040 t,
1362 1987 1501 2045 vmnv,

209 2077 266 2137 &c
282 2074 494 2159 occupabitur.
529 2074 571 2152 Q.
588 2097 614 2140 e.
631 2074 661 2137 d.
708 2073 792 2138 Haec
806 2073 849 2136 ita
863 2095 896 2136 se
910 2071 1027 2135 habere
1044 2072 1173 2156 quilibet
1188 2073 1220 2135 in
1236 2073 1314 2158 aquei
1331 2088 1502 2161 stagnante

210 2182 348 2264 experiri
365 2194 476 2265 potest.

253 2291 321 2352 Cas.
338 2298 367 2352 2.
401 2290 558 2352 Ponamus
573 2292 640 2374 jam
662 2290 745 2375 quod
768 2290 832 2365 de,
849 2287 867 2351 f
874 2313 905 2376 g,
924 2289 980 2365 bi,
996 2289 1017 2350 k
1032 2288 1052 2364 l,
1069 2311 1100 2349 m
1115 2310 1136 2349 n
1159 2289 1322 2376 designent
1344 2291 1460 2374 pulsus
1482 2318 1501 2356 a

207 2410 324 2482 puncto
341 2397 370 2459 A
386 2420 443 2481 per
457 2397 595 2459 medium
611 2397 770 2460 elasticum
785 2396 956 2459 successive
978 2408 1178 2480 propagatos.
1225 2395 1263 2479 (⁶)
1283 2396 1397 2459 Pulsus
1419 2421 1498 2480 pro·

240 2566 275 2629 (⁸²)
289 2571 301 2596 ⁸
314 2569 346 2614 In
357 2571 477 2615 andanem
487 2570 582 2615 nudibus
597 2569 721 2629 deprrrnn
731 2576 770 2619 ert.
787 2566 829 2612 &c
866 2565 887 2614 F
899 2565 930 2620 G,
941 2573 964 2610 et
975 2578 1030 2610 cum
1041 2563 1122 2610 eidem
1134 2564 1255 2612 velocitate
1271 2565 1318 2627 quai
1335 2582 1377 2625 per
1396 2569 1419 2614 A
1436 2569 1457 2615 F
1473 2569 1498 2616 itt

210 2630 281 2691 Aqua
295 2631 358 2677 enim
369 2633 398 2677 ab
407 2631 528 2678 altioribus
543 2630 660 2678 undarum
676 2631 779 2690 partibus
794 2645 833 2677 ca·
864 2627 1011 2675 obstaculum
1027 2628 1130 2683 incurrit,
1148 2629 1239 2689 etqui,
1256 2629 1349 2675 sublato
1364 2632 1496 2691 oirstaculo,

207 2693 284 2741 dendo
294 2693 433 2740 celeritatem
445 2695 549 2756 anquirit,
566 2694 613 2758 qui
623 2693 685 2740 infra
694 2692 833 2755 quiescentia
863 2702 955 2738 motum
971 2707 1012 2751 per
1031 2691 1085 2752 1²3,
1103 2707 1144 2737 reu
1155 2707 1196 2751 per
1209 2696 1231 2738 A
1246 2693 1266 2738 F
1283 2694 1422 2753 productam
1438 2711 1496 2742 eon-

206 2772 273 2820 aqua
283 2757 429 2818 superficiem
440 2758 566 2806 descendit.
863 2756 982 2810 tinuuset,
1008 2764 1089 2815 eatque
1108 2755 1209 2817 angulus
1230 2755 1361 2803 relictionis
1384 2759 1408 2804 G
1432 2759 1453 2806 F
1473 2761 1494 2808 C

238 2819 273 2884 (⁶)
287 2824 299 2851 ·
314 2824 411 2868 Celerior
421 2832 511 2869 nonest
527 2821 598 2883 qadm
610 2837 654 2882 pro
665 2823 777 2868 celeritate
792 2822 832 2866 de-
863 2818 958 2885 aquaiia
967 2818 1056 2880 angulo
1066 2817 1198 2865 incidentia
1210 2821 1232 2865 A
1245 2819 1265 2866 Β
1276 2820 1307 2866 Β.
1345 2821 1497 2870 Producam

205 2884 296 2932 scentia
306 2887 335 2930 ab
343 2883 425 2930 eidem
434 2884 551 2931 undarum
558 2883 689 2938 altitudine,
701 2881 832 2944 auditque
859 2882 910 2944 jam
921 2881 982 2928 linea
994 2881 1017 2929 G
1031 2882 1088 2928 Fut
1098 2882 1262 2942 perpendiculo
1281 2885 1304 2930 A
1318 2884 1341 2930 E
1357 2885 1429 2931 etiam
1441 2902 1495 2946 μω.

204 2947 230 2992 in
240 2947 320 3009 plagas
333 2947 353 2993 P
367 2948 399 3002 Q,
414 2947 439 2992 K
451 2947 481 3004 L,
495 2948 519 2994 N
532 2948 555 2994 0
567 2946 633 3009 aqud
644 2946 734 2994 defluit.
863 2944 933 2992 ducto
943 2955 1049 2992 occurrat
1065 2944 1090 2991 in
1107 2946 1149 3004 113
1166 2957 1190 2993 et
1199 2947 1254 3009 quia
1270 2948 1372 3010 angulus
1388 2948 1413 2994 Β
1428 2949 1451 2996 F
1463 2950 1492 2996 Η

237 3017 292 3058 29³.
319 3010 357 3056 Βι
368 3009 530 3057 demonstratis
543 3011 568 3057 in
584 3012 629 3057 hoc
644 3025 706 3066 casu.
722 3025 773 3059 mo-

204 3082 243 3121 tua
254 3073 324 3120 undae
335 3075 359 3119 in
369 3074 517 3121 obstaculum
528 3075 624 3135 planum
636 3075 774 3121 incurrentia

203 3136 295 3185 definiri
306 3147 387 3197 potest.
424 3137 550 3185 Undarum
566 3148 668 3185 motare
679 3138 731 3185 ioco
749 3140 772 3185 A

202 3201 268 3263 quasi
283 3211 362 3248 canno
372 3213 518 3264 propagetur.
556 3203 663 3250 incurrat
673 3202 737 3249 unda
747 3202 773 3248 in

202 3265 314 3314 obstaculi
326 3266 417 3312 immoti
431 3267 452 3312 Β
466 3267 485 3314 C
497 3276 611 3326 punctum
625 3266 652 3319 1²,
664 3281 719 3313 cum
733 3280 772 3312 re-

203 3329 296 3375 locitate
306 3339 329 3375 et
340 3329 465 3376 directione
479 3330 500 3376 A
516 3330 543 3376 F.
580 3328 660 3377 Ducti
670 3345 698 3375 er
712 3329 772 3376 Ain

205 3393 226 3438 Β
240 3394 259 3439 C
271 3393 456 3452 perpendiculari
470 3394 492 3440 A
507 3394 537 3449 E,
549 3393 710 3455 completoque
721 3407 770 3439 rec-

202 3457 299 3516 tangulo
313 3460 335 3501 A
350 3457 371 3503 E
387 3458 406 3503 F
419 3457 452 3511 K,
469 3457 596 3504 resolvatur
612 3469 690 3504 motus
707 3459 728 3503 A
744 3456 770 3511 ii,

202 3518 226 3564 in
238 3520 298 3565 duos
311 3519 368 3565 alios
384 3532 461 3566 motus
479 3525 500 3566 A
516 3521 545 3573 E,
565 3523 587 3564 A
602 3520 634 3574 K.
654 3536 694 3566 seu
710 3518 772 3567 facti
792 3541 831 3600 A

204 3583 224 3628 F
238 3585 257 3631 C
269 3583 351 3645 equali
365 3585 388 3630 A
403 3584 436 3639 K,
453 3586 478 3628 in
489 3594 567 3630 motus
580 3584 603 3629 K
619 3584 645 3638 F,
664 3584 683 3630 F
697 3585 716 3631 C
722 3603 730 3641 ς
748 3594 771 3630 et

202 3647 257 3708 quia
273 3646 392 3707 particula
408 3663 475 3708 aque
486 3658 552 3693 motu
565 3647 586 3694 F
599 3648 618 3694 C
630 3648 654 3693 in
665 3650 771 3694 obstacu-

203 3711 252 3756 lum
265 3726 312 3757 non
324 3723 406 3777 agunt,
423 3721 475 3770 post
486 3711 612 3770 impactum
624 3723 721 3773 pergent
731 3711 769 3758 etl·
798 3687 833 3738 K

201 3775 254 3821 dem
265 3775 312 3836 qui
325 3775 378 3822 ante
390 3775 517 3834 impactum
529 3775 649 3821 velocitate
660 3791 686 3821 ac
697 3776 770 3821 direc-

201 3841 263 3885 tione
278 3839 297 3885 1⁴*
310 3839 329 3886 C
341 3839 436 3885 moveri.
474 3840 508 3884 At
524 3848 589 3885 motu
609 3838 633 3884 K
648 3838 676 3893 F,
693 3839 717 3884 in
729 3841 769 3884 ob-
802 3832 829 3886 G

201 3903 316 3950 taculum
333 3903 419 3950 directe
435 3903 579 3949 incurrentes
595 3912 686 3949 motum
702 3902 770 3948 ilium
1178 3964 1184 3975 '

200 3965 755 4093 fflpgpuffiptaamlffiesbtongcnzfiiuaeffiz
766 3980 824 4076 iiioli'
855 3964 1097 4081 :aliz-..ling
1109 3965 1141 4075 ii’
1150 3974 1203 4075 iiiiii
1208 3963 1388 4090 aniia-reflAefi
1396 3964 1492 4075 ῗοξέι

199 4093 228 4137 ab
239 4093 283 4137 aiii
294 4093 430 4156 insequente
442 4104 559 4156 urgeatur,
576 4107 600 4141 et
610 4095 755 4142 obstaculum
773 4097 825 4156 (per
856 4092 927 4140 modo
944 4092 1074 4139 movebitur
1089 4108 1131 4152 per
1149 4091 1212 4148 FG,
1231 4092 1328 4139 acsiex
1339 4102 1435 4151 puncto
1453 4093 1491 4149 ii,

201 4154 281 4212 Hyp.)
298 4157 379 4203 cedere
396 4168 502 4219 nequeat,
520 4158 646 4205 elevabitur
662 4159 702 4204 iiia
712 4160 737 4203 in
751 4158 784 4214 F;
802 4169 826 4204 et
856 4157 921 4218 quasi
936 4173 965 4204 ex
981 4167 1059 4203 centro
1075 4156 1192 4203 undarum
1207 4166 1285 4202 motus
1300 4167 1492 4231 propogaretur3

104 4250 110 4260 ,
197 4216 314 4264 deintleti
327 4221 435 4277 ponderis
449 4223 493 4273 sni,
512 4222 588 4277 idest,
606 4223 627 4266 vt
640 4220 826 4283 equaliiiliqui
857 4221 957 4281 ctimque
978 4219 1143 4266 demonstratio
1164 4221 1213 4264 brec
1235 4218 1344 4265 omnibus
1372 4220 1493 4268 obstaculi

197 4296 239 4340 por
246 4282 357 4326 obstaculi
367 4284 537 4344 longitudinem
546 4285 694 4339 elevantum,
702 4283 825 4331 descendet
857 4285 920 4344 plani
943 4285 964 4330 Β
983 4285 1003 4331 C
1024 4284 1116 4344 punctis
1137 4293 1257 4345 congruat.
1280 4283 1440 4331 manifestum
1457 4296 1494 4332 ert

196 4346 220 4390 iu
232 4345 324 4406 plagam
339 4345 359 4390 F
372 4345 404 4397 K,
417 4345 545 4408 eidemque
556 4348 652 4408 proinde
663 4348 782 4393 velocitate
793 4363 820 4393 rc
852 4349 926 4394 undar
943 4347 1037 4394 reflexae
1052 4347 1149 4394 eandem
1168 4346 1312 4394 velocitatem
1331 4348 1493 4411 eandemque

195 4408 320 4456 directione
331 4411 360 4454 ab
370 4409 490 4454 obstaculo
507 4411 597 4456 recedet
607 4411 652 4472 qui
663 4411 693 4455 ad
707 4409 766 4456 iliud
783 4426 819 4456 ac·
853 4410 952 4473 liguram
965 4409 1023 4458 citri
1033 4411 1178 4458 obstaculum
1189 4411 1301 4463 obtinere.
1312 4425 1385 4472 quas,
1397 4413 1494 4461 sublato

194 4483 298 4520 cesserat.
336 4473 430 4519 Exboc
441 4484 506 4518 motu
521 4474 657 4524 i'K.eter
670 4474 717 4519 alio
731 4474 783 4521 Fc
795 4475 820 4519 in
852 4475 977 4530 obstaculo,
990 4474 1147 4522 utatlineam
1163 4474 1375 4522 iiCbabuiseent.

193 4537 255 4601 aqui
266 4538 358 4584 residuo
369 4548 522 4597 componetur
539 4548 616 4583 motus
636 4537 654 4582 F
668 4537 697 4591 G,
715 4553 755 4597 per
771 4538 820 4584 dia·
885 4539 918 4601 (θ)
932 4543 944 4569 ⁰
958 4545 1012 4587 29⁴.
1033 4541 1117 4587 Prrltnt
1126 4541 1248 4600 propagari
1260 4543 1359 4599 concipe
1376 4559 1424 4603 per
1440 4560 1494 4591 m.

192 4602 301 4662 gontlem
318 4602 527 4715 pmuefflm
540 4601 565 4648 K
580 4601 632 4648 FC
649 4601 687 4658 G;
704 4601 767 4649 unda
778 4602 821 4665 igi·
854 4607 947 4651 emmae
958 4604 1144 4651 condemnante
1154 4612 1176 4649 rt
1187 4603 1353 4664 rarffoctioaer
1366 4611 1452 4663 medii,
1463 4606 1495 4653 itt

436 4675 490 4714 ecttt

191 4675 230 4712 tur
240 4684 255 4715 a
264 4667 384 4728 punctoli
491 4681 519 4713 ur
530 4666 659 4714 meandum
671 4665 822 4714 directionem
854 4677 881 4714 ut
896 4667 1000 4728 primum
1016 4677 1091 4728 partes
1107 4664 1199 4714 modiie
1205 4674 1296 4724 puncto
1307 4666 1496 4730 Aquaquarar·
