<?xml version="1.0" encoding="UTF-8"?>
<!DOCTYPE html PUBLIC "-//W3C//DTD XHTML 1.0 Transitional//EN"
    "http://www.w3.org/TR/xhtml1/DTD/xhtml1-transitional.dtd">
<html xmlns="http://www.w3.org/1999/xhtml" xml:lang="en" lang="en">
 <head>
  <title>
</title>
<meta http-equiv="Content-Type" content="text/html;charset=utf-8" />
  <meta name='ocr-system' content='tesseract 3.04.00' />
  <meta name='ocr-capabilities' content='ocr_page ocr_carea ocr_par ocr_line ocrx_word'/>
</head>
<body>
  <div class='ocr_page' id='page_1' title='image "./philosophinatur02newtgoog_0211.png"; bbox 0 0 3322 5738; ppageno 0'>
   <div class='ocr_carea' id='block_1_1' title="bbox 235 446 1526 528">
    <p class='ocr_par' dir='ltr' id='par_1_1' title="bbox 235 446 1526 528">
     <span class='ocr_line' id='line_1_1' title="bbox 235 446 1526 528; baseline -0.002 -14"><span class='ocrx_word' id='word_1_1' title='bbox 235 457 297 516; x_wconf 81' lang='lat'><strong>196</strong></span> <span class='ocrx_word' id='word_1_2' title='bbox 555 448 895 518; x_wconf 84' lang='lat' dir='ltr'>PHILOSOPHIAE</span> <span class='ocrx_word' id='word_1_3' title='bbox 918 446 1188 516; x_wconf 79' lang='lat' dir='ltr'>NATURALIS</span> <span class='ocrx_word' id='word_1_4' title='bbox 1240 447 1354 528; x_wconf 85' lang='lat' dir='ltr'><strong>[Mor.</strong></span> <span class='ocrx_word' id='word_1_5' title='bbox 1368 446 1526 514; x_wconf 79' lang='lat' dir='ltr'><strong>Corsos.</strong></span> 
     </span>
    </p>
   </div>
   <div class='ocr_carea' id='block_1_2' title="bbox 228 615 1524 1134">
    <p class='ocr_par' dir='ltr' id='par_1_2' title="bbox 228 615 1524 1134">
     <span class='ocr_line' id='line_1_2' title="bbox 233 615 1524 702; baseline -0.001 -21"><span class='ocrx_word' id='word_1_6' title='bbox 233 615 356 681; x_wconf 85' lang='lat' dir='ltr'><strong>dnobus</strong></span> <span class='ocrx_word' id='word_1_7' title='bbox 371 618 404 681; x_wconf 86' lang='grc' dir='ltr'><strong>Α</strong></span> <span class='ocrx_word' id='word_1_8' title='bbox 417 630 449 682; x_wconf 87' lang='lat' dir='ltr'><strong>et</strong></span> <span class='ocrx_word' id='word_1_9' title='bbox 464 618 503 694; x_wconf 82' lang='lat' dir='ltr'><strong>B,</strong></span> <span class='ocrx_word' id='word_1_10' title='bbox 519 627 551 682; x_wconf 88' lang='lat' dir='ltr'><strong>et</strong></span> <span class='ocrx_word' id='word_1_11' title='bbox 564 617 661 681; x_wconf 87' lang='lat' dir='ltr'><strong>altera</strong></span> <span class='ocrx_word' id='word_1_12' title='bbox 674 617 740 682; x_wconf 88' lang='lat' dir='ltr'><strong>duo</strong></span> <span class='ocrx_word' id='word_1_13' title='bbox 755 617 783 681; x_wconf 90' lang='lat' dir='ltr'><strong>F</strong></span> <span class='ocrx_word' id='word_1_14' title='bbox 796 629 828 681; x_wconf 90' lang='lat' dir='ltr'><strong>et</strong></span> <span class='ocrx_word' id='word_1_15' title='bbox 843 617 876 683; x_wconf 89' lang='lat' dir='ltr'>G</span> <span class='ocrx_word' id='word_1_16' title='bbox 890 617 924 680; x_wconf 91' lang='lat' dir='ltr'><strong>in</strong></span> <span class='ocrx_word' id='word_1_17' title='bbox 938 617 1029 682; x_wconf 88' lang='lat' dir='ltr'><strong>tertio</strong></span> <span class='ocrx_word' id='word_1_18' title='bbox 1046 617 1091 692; x_wconf 79' lang='lat'><strong>03</strong></span> <span class='ocrx_word' id='word_1_19' title='bbox 1106 617 1207 702; x_wconf 88' lang='lat' dir='ltr'><strong>sitque</strong></span> <span class='ocrx_word' id='word_1_20' title='bbox 1221 616 1368 681; x_wconf 84' lang='lat' dir='ltr'><strong>velocitas</strong></span> <span class='ocrx_word' id='word_1_21' title='bbox 1379 617 1524 702; x_wconf 89' lang='lat' dir='ltr'><strong>corporis</strong></span> 
     </span>
     <span class='ocr_line' id='line_1_3' title="bbox 233 721 1522 808; baseline -0.002 -20"><span class='ocrx_word' id='word_1_22' title='bbox 233 723 269 788; x_wconf 91' lang='lat' dir='ltr'>D</span> <span class='ocrx_word' id='word_1_23' title='bbox 282 724 322 788; x_wconf 89' lang='lat' dir='ltr'><strong>ad</strong></span> <span class='ocrx_word' id='word_1_24' title='bbox 337 724 530 788; x_wconf 81' lang='lat' dir='ltr'><strong>velocitatem</strong></span> <span class='ocrx_word' id='word_1_25' title='bbox 551 724 690 808; x_wconf 89' lang='lat' dir='ltr'><strong>corporis</strong></span> <span class='ocrx_word' id='word_1_26' title='bbox 707 723 745 801; x_wconf 81' lang='grc' dir='ltr'><strong>Ε,</strong></span> <span class='ocrx_word' id='word_1_27' title='bbox 768 736 800 787; x_wconf 89' lang='lat' dir='ltr'><strong>et</strong></span> <span class='ocrx_word' id='word_1_28' title='bbox 821 723 967 788; x_wconf 84' lang='lat' dir='ltr'><strong>velocitas</strong></span> <span class='ocrx_word' id='word_1_29' title='bbox 986 723 1125 807; x_wconf 90' lang='lat' dir='ltr'><strong>corporis</strong></span> <span class='ocrx_word' id='word_1_30' title='bbox 1143 722 1169 786; x_wconf 90' lang='lat' dir='ltr'><strong>F</strong></span> <span class='ocrx_word' id='word_1_31' title='bbox 1183 721 1224 785; x_wconf 89' lang='lat' dir='ltr'><strong>ad</strong></span> <span class='ocrx_word' id='word_1_32' title='bbox 1238 721 1434 788; x_wconf 84' lang='lat' dir='ltr'><strong>velocitatem</strong></span> <span class='ocrx_word' id='word_1_33' title='bbox 1449 745 1522 787; x_wconf 92' lang='lat' dir='ltr'><strong>cor-</strong></span> 
     </span>
     <span class='ocr_line' id='line_1_4' title="bbox 228 831 1521 918; baseline -0.001 -21"><span class='ocrx_word' id='word_1_34' title='bbox 228 835 316 918; x_wconf 91' lang='lat' dir='ltr'><strong>poris</strong></span> <span class='ocrx_word' id='word_1_35' title='bbox 328 834 361 898; x_wconf 82' lang='lat' dir='ltr'><strong>G</strong></span> <span class='ocrx_word' id='word_1_36' title='bbox 375 834 408 897; x_wconf 91' lang='lat' dir='ltr'><strong>in</strong></span> <span class='ocrx_word' id='word_1_37' title='bbox 422 832 636 917; x_wconf 76' lang='lat' dir='ltr'><strong>subduplicatd</strong></span> <span class='ocrx_word' id='word_1_38' title='bbox 651 833 770 897; x_wconf 87' lang='lat' dir='ltr'><strong>ratione</strong></span> <span class='ocrx_word' id='word_1_39' title='bbox 784 833 895 896; x_wconf 88' lang='lat' dir='ltr'><strong>virium</strong></span> <span class='ocrx_word' id='word_1_40' title='bbox 911 832 943 897; x_wconf 91' lang='lat' dir='ltr'>T</span> <span class='ocrx_word' id='word_1_41' title='bbox 958 831 998 895; x_wconf 89' lang='lat' dir='ltr'><strong>ad</strong></span> <span class='ocrx_word' id='word_1_42' title='bbox 1014 832 1095 896; x_wconf 88' lang='lat' dir='ltr'><strong>vires</strong></span> <span class='ocrx_word' id='word_1_43' title='bbox 1111 831 1157 894; x_wconf 90' lang='lat' dir='ltr'><strong>V:</strong></span> <span class='ocrx_word' id='word_1_44' title='bbox 1181 831 1355 896; x_wconf 79' lang='lat' dir='ltr'><strong>resistentia</strong></span> <span class='ocrx_word' id='word_1_45' title='bbox 1375 833 1521 916; x_wconf 84' lang='lat' dir='ltr'><strong>corporis</strong></span> 
     </span>
     <span class='ocr_line' id='line_1_5' title="bbox 230 937 1521 1024; baseline -0.002 -18"><span class='ocrx_word' id='word_1_46' title='bbox 230 941 265 1006; x_wconf 93' lang='lat' dir='ltr'>D</span> <span class='ocrx_word' id='word_1_47' title='bbox 279 943 338 1006; x_wconf 89' lang='lat' dir='ltr'><strong>erit</strong></span> <span class='ocrx_word' id='word_1_48' title='bbox 352 941 391 1005; x_wconf 88' lang='lat' dir='ltr'><strong>ad</strong></span> <span class='ocrx_word' id='word_1_49' title='bbox 407 941 611 1005; x_wconf 84' lang='lat' dir='ltr'><strong>resistentiam</strong></span> <span class='ocrx_word' id='word_1_50' title='bbox 626 941 765 1024; x_wconf 87' lang='lat' dir='ltr'><strong>eorporis</strong></span> <span class='ocrx_word' id='word_1_51' title='bbox 782 940 820 1016; x_wconf 86' lang='grc' dir='ltr'><strong>Ε,</strong></span> <span class='ocrx_word' id='word_1_52' title='bbox 836 952 868 1004; x_wconf 89' lang='lat' dir='ltr'><strong>et</strong></span> <span class='ocrx_word' id='word_1_53' title='bbox 882 938 1056 1003; x_wconf 78' lang='lat' dir='ltr'>resistentia</span> <span class='ocrx_word' id='word_1_54' title='bbox 1066 937 1206 1021; x_wconf 89' lang='lat' dir='ltr'><strong>corporis</strong></span> <span class='ocrx_word' id='word_1_55' title='bbox 1219 937 1293 1001; x_wconf 89' lang='lat' dir='ltr'><strong>Fad</strong></span> <span class='ocrx_word' id='word_1_56' title='bbox 1309 938 1521 1003; x_wconf 88' lang='lat' dir='ltr'><strong>resistentium</strong></span> 
     </span>
     <span class='ocr_line' id='line_1_6' title="bbox 228 1043 1519 1134; baseline -0.002 -22"><span class='ocrx_word' id='word_1_57' title='bbox 228 1049 368 1134; x_wconf 87' lang='lat' dir='ltr'><strong>eorporis</strong></span> <span class='ocrx_word' id='word_1_58' title='bbox 384 1049 427 1126; x_wconf 88' lang='lat' dir='ltr'><strong>G,</strong></span> <span class='ocrx_word' id='word_1_59' title='bbox 450 1045 485 1131; x_wconf 59' lang='lat' dir='ltr'><strong>(i)</strong></span> <span class='ocrx_word' id='word_1_60' title='bbox 501 1049 532 1111; x_wconf 94' lang='lat' dir='ltr'><strong>in</strong></span> <span class='ocrx_word' id='word_1_61' title='bbox 555 1047 753 1112; x_wconf 83' lang='lat' dir='ltr'><strong>velocitatum</strong></span> <span class='ocrx_word' id='word_1_62' title='bbox 775 1047 894 1110; x_wconf 86' lang='lat' dir='ltr'><strong>ratione</strong></span> <span class='ocrx_word' id='word_1_63' title='bbox 908 1043 1083 1129; x_wconf 76' lang='lat' dir='ltr'><strong>duplicatsi3</strong></span> <span class='ocrx_word' id='word_1_64' title='bbox 1105 1056 1137 1109; x_wconf 89' lang='lat' dir='ltr'><strong>et</strong></span> <span class='ocrx_word' id='word_1_65' title='bbox 1151 1055 1317 1128; x_wconf 90' lang='lat' dir='ltr'><strong>propterea</strong></span> <span class='ocrx_word' id='word_1_66' title='bbox 1338 1044 1519 1109; x_wconf 81' lang='lat' dir='ltr'>resistentia</span> 
     </span>
    </p>
   </div>
   <div class='ocr_carea' id='block_1_3' title="bbox 214 1150 1517 2637">
    <p class='ocr_par' dir='ltr' id='par_1_3' title="bbox 214 1150 1517 2529">
     <span class='ocr_line' id='line_1_7' title="bbox 227 1150 1517 1240; baseline -0.005 -19"><span class='ocrx_word' id='word_1_67' title='bbox 227 1157 366 1240; x_wconf 83' lang='lat' dir='ltr'><strong>eorporis</strong></span> <span class='ocrx_word' id='word_1_68' title='bbox 388 1155 423 1220; x_wconf 95' lang='lat' dir='ltr'>D</span> <span class='ocrx_word' id='word_1_69' title='bbox 444 1154 504 1219; x_wconf 88' lang='lat' dir='ltr'><strong>erit</strong></span> <span class='ocrx_word' id='word_1_70' title='bbox 524 1154 565 1218; x_wconf 83' lang='lat' dir='ltr'><strong>sd</strong></span> <span class='ocrx_word' id='word_1_71' title='bbox 586 1153 791 1218; x_wconf 67' lang='lat' dir='ltr'><strong>resistentiam</strong></span> <span class='ocrx_word' id='word_1_72' title='bbox 816 1152 954 1236; x_wconf 87' lang='lat' dir='ltr'><strong>eorporis</strong></span> <span class='ocrx_word' id='word_1_73' title='bbox 971 1151 998 1215; x_wconf 92' lang='lat' dir='ltr'><strong>F</strong></span> <span class='ocrx_word' id='word_1_74' title='bbox 1013 1163 1048 1214; x_wconf 90' lang='lat' dir='ltr'><strong>nt</strong></span> <span class='ocrx_word' id='word_1_75' title='bbox 1061 1150 1235 1216; x_wconf 80' lang='lat' dir='ltr'><strong>resistentia</strong></span> <span class='ocrx_word' id='word_1_76' title='bbox 1256 1151 1396 1234; x_wconf 91' lang='lat' dir='ltr'><strong>corporis</strong></span> <span class='ocrx_word' id='word_1_77' title='bbox 1420 1150 1451 1214; x_wconf 87' lang='lat' dir='ltr'><strong>E</strong></span> <span class='ocrx_word' id='word_1_78' title='bbox 1474 1151 1517 1215; x_wconf 89' lang='lat' dir='ltr'><strong>ad</strong></span> 
     </span>
     <span class='ocr_line' id='line_1_8' title="bbox 226 1254 1516 1344; baseline -0.002 -18"><span class='ocrx_word' id='word_1_79' title='bbox 226 1261 431 1326; x_wconf 78' lang='lat' dir='ltr'><strong>resistentiam</strong></span> <span class='ocrx_word' id='word_1_80' title='bbox 447 1260 585 1344; x_wconf 85' lang='lat' dir='ltr'><strong>eorporis</strong></span> <span class='ocrx_word' id='word_1_81' title='bbox 602 1260 645 1326; x_wconf 90' lang='lat' dir='ltr'><strong>G.</strong></span> <span class='ocrx_word' id='word_1_82' title='bbox 679 1259 781 1326; x_wconf 86' lang='lat' dir='ltr'><strong>Sunto</strong></span> <span class='ocrx_word' id='word_1_83' title='bbox 795 1280 928 1342; x_wconf 86' lang='lat' dir='ltr'><strong>corpora</strong></span> <span class='ocrx_word' id='word_1_84' title='bbox 938 1258 1013 1322; x_wconf 88' lang='lat' dir='ltr'><strong>Det</strong></span> <span class='ocrx_word' id='word_1_85' title='bbox 1029 1257 1055 1321; x_wconf 89' lang='lat' dir='ltr'><strong>F</strong></span> <span class='ocrx_word' id='word_1_86' title='bbox 1069 1254 1269 1341; x_wconf 88' lang='lat' dir='ltr'><strong>aequivelocia</strong></span> <span class='ocrx_word' id='word_1_87' title='bbox 1282 1267 1318 1318; x_wconf 86' lang='lat' dir='ltr'><strong>ut</strong></span> <span class='ocrx_word' id='word_1_88' title='bbox 1331 1268 1364 1320; x_wconf 90' lang='lat' dir='ltr'><strong>et</strong></span> <span class='ocrx_word' id='word_1_89' title='bbox 1377 1276 1516 1343; x_wconf 85' lang='lat' dir='ltr'><strong>corpora</strong></span> 
     </span>
     <span class='ocr_line' id='line_1_9' title="bbox 227 1366 1512 1459; baseline -0.002 -24"><span class='ocrx_word' id='word_1_90' title='bbox 227 1372 256 1436; x_wconf 89' lang='lat' dir='ltr'>E</span> <span class='ocrx_word' id='word_1_91' title='bbox 271 1384 302 1435; x_wconf 88' lang='lat' dir='ltr'><strong>et</strong></span> <span class='ocrx_word' id='word_1_92' title='bbox 318 1373 367 1447; x_wconf 86' lang='lat' dir='ltr'><strong>G3</strong></span> <span class='ocrx_word' id='word_1_93' title='bbox 393 1383 426 1434; x_wconf 87' lang='lat' dir='ltr'><strong>et</strong></span> <span class='ocrx_word' id='word_1_94' title='bbox 439 1371 583 1459; x_wconf 84' lang='lat' dir='ltr'><strong>augendo</strong></span> <span class='ocrx_word' id='word_1_95' title='bbox 604 1371 781 1436; x_wconf 75' lang='lat' dir='ltr'><strong>velocitates</strong></span> <span class='ocrx_word' id='word_1_96' title='bbox 803 1392 971 1454; x_wconf 89' lang='lat' dir='ltr'><strong>corporum</strong></span> <span class='ocrx_word' id='word_1_97' title='bbox 986 1371 1019 1434; x_wconf 95' lang='lat' dir='ltr'><strong>D</strong></span> <span class='ocrx_word' id='word_1_98' title='bbox 1035 1383 1068 1434; x_wconf 89' lang='lat' dir='ltr'><strong>et</strong></span> <span class='ocrx_word' id='word_1_99' title='bbox 1083 1370 1109 1434; x_wconf 89' lang='lat' dir='ltr'><strong>F</strong></span> <span class='ocrx_word' id='word_1_100' title='bbox 1123 1371 1156 1434; x_wconf 92' lang='lat' dir='ltr'><strong>in</strong></span> <span class='ocrx_word' id='word_1_101' title='bbox 1171 1370 1291 1434; x_wconf 87' lang='lat' dir='ltr'><strong>ratione</strong></span> <span class='ocrx_word' id='word_1_102' title='bbox 1311 1366 1512 1455; x_wconf 73' lang='lat' dir='ltr'><strong>quicunque,</strong></span> 
     </span>
     <span class='ocr_line' id='line_1_10' title="bbox 224 1475 1511 1564; baseline -0.003 -20"><span class='ocrx_word' id='word_1_103' title='bbox 224 1501 261 1544; x_wconf 85' lang='lat' dir='ltr'><strong>ac</strong></span> <span class='ocrx_word' id='word_1_104' title='bbox 282 1480 485 1544; x_wconf 88' lang='lat' dir='ltr'><strong>diminuendo</strong></span> <span class='ocrx_word' id='word_1_105' title='bbox 506 1480 586 1543; x_wconf 85' lang='lat' dir='ltr'><strong>vires</strong></span> <span class='ocrx_word' id='word_1_106' title='bbox 606 1479 829 1564; x_wconf 81' lang='lat' dir='ltr'><strong>particularum</strong></span> <span class='ocrx_word' id='word_1_107' title='bbox 850 1479 944 1544; x_wconf 92' lang='lat' dir='ltr'><strong>medii</strong></span> <span class='ocrx_word' id='word_1_108' title='bbox 967 1479 996 1544; x_wconf 93' lang='lat' dir='ltr'>B</span> <span class='ocrx_word' id='word_1_109' title='bbox 1015 1479 1048 1542; x_wconf 91' lang='lat' dir='ltr'><strong>in</strong></span> <span class='ocrx_word' id='word_1_110' title='bbox 1070 1478 1180 1543; x_wconf 74' lang='lat' dir='ltr'><strong>eisdem</strong></span> <span class='ocrx_word' id='word_1_111' title='bbox 1202 1479 1319 1542; x_wconf 88' lang='lat' dir='ltr'><strong>ratione</strong></span> <span class='ocrx_word' id='word_1_112' title='bbox 1338 1475 1511 1562; x_wconf 66' lang='lat' dir='ltr'><strong>duplicati,</strong></span> 
     </span>
     <span class='ocr_line' id='line_1_11' title="bbox 223 1585 1512 1672; baseline 0 -21"><span class='ocrx_word' id='word_1_113' title='bbox 223 1588 263 1672; x_wconf 79' lang='lat'><strong>(¹)</strong></span> <span class='ocrx_word' id='word_1_114' title='bbox 279 1585 405 1651; x_wconf 88' lang='lat' dir='ltr'><strong>accedet</strong></span> <span class='ocrx_word' id='word_1_115' title='bbox 419 1585 556 1650; x_wconf 87' lang='lat' dir='ltr'><strong>medium</strong></span> <span class='ocrx_word' id='word_1_116' title='bbox 573 1586 655 1651; x_wconf 89' lang='lat' dir='ltr'><strong>Bad</strong></span> <span class='ocrx_word' id='word_1_117' title='bbox 670 1585 802 1651; x_wconf 81' lang='lat' dir='ltr'><strong>formam</strong></span> <span class='ocrx_word' id='word_1_118' title='bbox 816 1599 849 1651; x_wconf 93' lang='lat' dir='ltr'><strong>et</strong></span> <span class='ocrx_word' id='word_1_119' title='bbox 862 1586 1072 1651; x_wconf 74' lang='lat' dir='ltr'><strong>conditionem</strong></span> <span class='ocrx_word' id='word_1_120' title='bbox 1093 1586 1188 1650; x_wconf 87' lang='lat' dir='ltr'><strong>medii</strong></span> <span class='ocrx_word' id='word_1_121' title='bbox 1211 1586 1239 1651; x_wconf 90' lang='lat' dir='ltr'>C</span> <span class='ocrx_word' id='word_1_122' title='bbox 1260 1608 1319 1670; x_wconf 89' lang='lat' dir='ltr'><strong>pro</strong></span> <span class='ocrx_word' id='word_1_123' title='bbox 1340 1586 1454 1664; x_wconf 88' lang='lat' dir='ltr'><strong>lubitu,</strong></span> <span class='ocrx_word' id='word_1_124' title='bbox 1478 1598 1512 1651; x_wconf 91' lang='lat' dir='ltr'><strong>et</strong></span> 
     </span>
     <span class='ocr_line' id='line_1_12' title="bbox 221 1691 1511 1780; baseline -0.002 -21"><span class='ocrx_word' id='word_1_125' title='bbox 221 1694 339 1759; x_wconf 88' lang='lat' dir='ltr'><strong>idcireo</strong></span> <span class='ocrx_word' id='word_1_126' title='bbox 365 1694 548 1758; x_wconf 72' lang='lat' dir='ltr'><strong>resistentie</strong></span> <span class='ocrx_word' id='word_1_127' title='bbox 569 1715 737 1779; x_wconf 87' lang='lat' dir='ltr'><strong>eorpomm</strong></span> <span class='ocrx_word' id='word_1_128' title='bbox 760 1695 926 1780; x_wconf 84' lang='lat' dir='ltr'><strong>aequalium</strong></span> <span class='ocrx_word' id='word_1_129' title='bbox 948 1705 979 1758; x_wconf 91' lang='lat' dir='ltr'><strong>et</strong></span> <span class='ocrx_word' id='word_1_130' title='bbox 1000 1692 1235 1779; x_wconf 83' lang='lat' dir='ltr'><strong>aequivelocium</strong></span> <span class='ocrx_word' id='word_1_131' title='bbox 1256 1692 1331 1756; x_wconf 89' lang='lat' dir='ltr'><strong>Eet</strong></span> <span class='ocrx_word' id='word_1_132' title='bbox 1347 1691 1380 1756; x_wconf 92' lang='lat' dir='ltr'>G</span> <span class='ocrx_word' id='word_1_133' title='bbox 1402 1693 1436 1755; x_wconf 92' lang='lat' dir='ltr'><strong>in</strong></span> <span class='ocrx_word' id='word_1_134' title='bbox 1460 1692 1511 1757; x_wconf 86' lang='lat' dir='ltr'><strong>his</strong></span> 
     </span>
     <span class='ocr_line' id='line_1_13' title="bbox 221 1797 1512 1887; baseline -0.001 -22"><span class='ocrx_word' id='word_1_135' title='bbox 221 1803 341 1879; x_wconf 87' lang='lat' dir='ltr'><strong>mediis,</strong></span> <span class='ocrx_word' id='word_1_136' title='bbox 357 1800 509 1886; x_wconf 86' lang='lat' dir='ltr'><strong>perpetud</strong></span> <span class='ocrx_word' id='word_1_137' title='bbox 523 1800 671 1865; x_wconf 86' lang='lat' dir='ltr'><strong>secedent</strong></span> <span class='ocrx_word' id='word_1_138' title='bbox 684 1802 726 1865; x_wconf 89' lang='lat' dir='ltr'><strong>ad</strong></span> <span class='ocrx_word' id='word_1_139' title='bbox 739 1801 957 1887; x_wconf 65' lang='lat' dir='ltr'><strong>equalitatem,</strong></span> <span class='ocrx_word' id='word_1_140' title='bbox 973 1802 1017 1865; x_wconf 88' lang='lat' dir='ltr'><strong>ita</strong></span> <span class='ocrx_word' id='word_1_141' title='bbox 1031 1813 1066 1866; x_wconf 88' lang='lat' dir='ltr'><strong>ut</strong></span> <span class='ocrx_word' id='word_1_142' title='bbox 1079 1819 1187 1865; x_wconf 89' lang='lat' dir='ltr'><strong>earum</strong></span> <span class='ocrx_word' id='word_1_143' title='bbox 1201 1797 1376 1863; x_wconf 83' lang='lat' dir='ltr'><strong>differentia</strong></span> <span class='ocrx_word' id='word_1_144' title='bbox 1393 1799 1512 1864; x_wconf 81' lang='lat' dir='ltr'><strong>evadat</strong></span> 
     </span>
     <span class='ocr_line' id='line_1_14' title="bbox 220 1907 1509 1994; baseline 0 -22"><span class='ocrx_word' id='word_1_145' title='bbox 220 1907 347 1972; x_wconf 87' lang='lat' dir='ltr'><strong>tandem</strong></span> <span class='ocrx_word' id='word_1_146' title='bbox 361 1908 463 1970; x_wconf 90' lang='lat' dir='ltr'><strong>minor</strong></span> <span class='ocrx_word' id='word_1_147' title='bbox 477 1929 571 1993; x_wconf 89' lang='lat' dir='ltr'><strong>quam</strong></span> <span class='ocrx_word' id='word_1_148' title='bbox 585 1908 657 1972; x_wconf 85' lang='lat' dir='ltr'><strong>dats</strong></span> <span class='ocrx_word' id='word_1_149' title='bbox 671 1909 797 1994; x_wconf 82' lang='lat' dir='ltr'><strong>quaevis.</strong></span> <span class='ocrx_word' id='word_1_150' title='bbox 844 1908 981 1975; x_wconf 89' lang='lat' dir='ltr'><strong>Proinde</strong></span> <span class='ocrx_word' id='word_1_151' title='bbox 995 1907 1067 1973; x_wconf 85' lang='lat' dir='ltr'><strong>edm</strong></span> <span class='ocrx_word' id='word_1_152' title='bbox 1081 1908 1264 1972; x_wconf 71' lang='lat' dir='ltr'><strong>resistentia·</strong></span> <span class='ocrx_word' id='word_1_153' title='bbox 1286 1928 1457 1990; x_wconf 89' lang='lat' dir='ltr'><strong>corporum</strong></span> <span class='ocrx_word' id='word_1_154' title='bbox 1473 1908 1509 1972; x_wconf 92' lang='lat' dir='ltr'>D</span> 
     </span>
     <span class='ocr_line' id='line_1_15' title="bbox 218 2011 1508 2100; baseline -0.002 -20"><span class='ocrx_word' id='word_1_155' title='bbox 218 2028 251 2080; x_wconf 92' lang='lat' dir='ltr'><strong>et</strong></span> <span class='ocrx_word' id='word_1_156' title='bbox 267 2016 294 2080; x_wconf 90' lang='lat' dir='ltr'><strong>F</strong></span> <span class='ocrx_word' id='word_1_157' title='bbox 308 2017 369 2080; x_wconf 85' lang='lat' dir='ltr'><strong>sint</strong></span> <span class='ocrx_word' id='word_1_158' title='bbox 382 2015 423 2080; x_wconf 88' lang='lat' dir='ltr'><strong>ad</strong></span> <span class='ocrx_word' id='word_1_159' title='bbox 438 2016 570 2079; x_wconf 87' lang='lat' dir='ltr'><strong>invicem</strong></span> <span class='ocrx_word' id='word_1_160' title='bbox 584 2027 619 2079; x_wconf 89' lang='lat' dir='ltr'><strong>ut</strong></span> <span class='ocrx_word' id='word_1_161' title='bbox 633 2016 815 2080; x_wconf 71' lang='lat' dir='ltr'><strong>resistentie</strong></span> <span class='ocrx_word' id='word_1_162' title='bbox 830 2037 996 2100; x_wconf 88' lang='lat' dir='ltr'><strong>eorporum</strong></span> <span class='ocrx_word' id='word_1_163' title='bbox 1013 2015 1042 2078; x_wconf 86' lang='lat' dir='ltr'><strong>E</strong></span> <span class='ocrx_word' id='word_1_164' title='bbox 1056 2025 1088 2077; x_wconf 87' lang='lat' dir='ltr'><strong>et</strong></span> <span class='ocrx_word' id='word_1_165' title='bbox 1103 2015 1145 2089; x_wconf 88' lang='lat' dir='ltr'><strong>G,</strong></span> <span class='ocrx_word' id='word_1_166' title='bbox 1168 2012 1316 2076; x_wconf 88' lang='lat' dir='ltr'><strong>accedent</strong></span> <span class='ocrx_word' id='word_1_167' title='bbox 1337 2013 1433 2077; x_wconf 90' lang='lat' dir='ltr'><strong>etiam</strong></span> <span class='ocrx_word' id='word_1_168' title='bbox 1455 2011 1508 2078; x_wconf 86' lang='lat' dir='ltr'><strong>hae</strong></span> 
     </span>
     <span class='ocr_line' id='line_1_16' title="bbox 218 2120 1508 2209; baseline -0.001 -22"><span class='ocrx_word' id='word_1_169' title='bbox 218 2123 359 2187; x_wconf 84' lang='lat' dir='ltr'><strong>similiter</strong></span> <span class='ocrx_word' id='word_1_170' title='bbox 373 2124 414 2188; x_wconf 83' lang='lat' dir='ltr'><strong>sd</strong></span> <span class='ocrx_word' id='word_1_171' title='bbox 428 2123 581 2188; x_wconf 90' lang='lat' dir='ltr'><strong>rationem</strong></span> <span class='ocrx_word' id='word_1_172' title='bbox 594 2123 789 2209; x_wconf 66' lang='lat' dir='ltr'><strong>equalitatis.</strong></span> <span class='ocrx_word' id='word_1_173' title='bbox 837 2123 1018 2207; x_wconf 87' lang='lat' dir='ltr'><strong>Corporum</strong></span> <span class='ocrx_word' id='word_1_174' title='bbox 1039 2123 1134 2209; x_wconf 86' lang='lat' dir='ltr'><strong>igitur</strong></span> <span class='ocrx_word' id='word_1_175' title='bbox 1149 2122 1183 2185; x_wconf 95' lang='lat' dir='ltr'><strong>D</strong></span> <span class='ocrx_word' id='word_1_176' title='bbox 1198 2133 1229 2184; x_wconf 92' lang='lat' dir='ltr'><strong>et</strong></span> <span class='ocrx_word' id='word_1_177' title='bbox 1244 2121 1280 2198; x_wconf 90' lang='lat' dir='ltr'><strong>F,</strong></span> <span class='ocrx_word' id='word_1_178' title='bbox 1304 2121 1358 2184; x_wconf 91' lang='lat' dir='ltr'><strong>ubi</strong></span> <span class='ocrx_word' id='word_1_179' title='bbox 1373 2120 1508 2186; x_wconf 87' lang='lat' dir='ltr'><strong>velocis-</strong></span> 
     </span>
     <span class='ocr_line' id='line_1_17' title="bbox 216 2225 1505 2314; baseline 0.002 -22"><span class='ocrx_word' id='word_1_180' title='bbox 216 2228 294 2294; x_wconf 74' lang='lat' dir='ltr'><strong>sime</strong></span> <span class='ocrx_word' id='word_1_181' title='bbox 308 2242 482 2306; x_wconf 85' lang='lat' dir='ltr'><strong>moventur,</strong></span> <span class='ocrx_word' id='word_1_182' title='bbox 497 2229 680 2294; x_wconf 86' lang='lat' dir='ltr'><strong>resistentiae</strong></span> <span class='ocrx_word' id='word_1_183' title='bbox 694 2241 766 2292; x_wconf 88' lang='lat' dir='ltr'><strong>sunt</strong></span> <span class='ocrx_word' id='word_1_184' title='bbox 775 2228 911 2314; x_wconf 87' lang='lat' dir='ltr'><strong>oequales</strong></span> <span class='ocrx_word' id='word_1_185' title='bbox 922 2251 1015 2314; x_wconf 90' lang='lat' dir='ltr'><strong>quam</strong></span> <span class='ocrx_word' id='word_1_186' title='bbox 1024 2225 1186 2314; x_wconf 74' lang='lat' dir='ltr'><strong>proxime:</strong></span> <span class='ocrx_word' id='word_1_187' title='bbox 1207 2239 1238 2290; x_wconf 92' lang='lat' dir='ltr'><strong>et</strong></span> <span class='ocrx_word' id='word_1_188' title='bbox 1251 2239 1420 2310; x_wconf 87' lang='lat' dir='ltr'><strong>propterea</strong></span> <span class='ocrx_word' id='word_1_189' title='bbox 1431 2227 1505 2294; x_wconf 80' lang='lat' dir='ltr'><strong>edm</strong></span> 
     </span>
     <span class='ocr_line' id='line_1_18' title="bbox 216 2334 1507 2421; baseline 0.003 -22"><span class='ocrx_word' id='word_1_190' title='bbox 216 2334 391 2401; x_wconf 84' lang='lat' dir='ltr'><strong>resistentia</strong></span> <span class='ocrx_word' id='word_1_191' title='bbox 412 2337 551 2420; x_wconf 89' lang='lat' dir='ltr'><strong>corporis</strong></span> <span class='ocrx_word' id='word_1_192' title='bbox 576 2336 659 2400; x_wconf 89' lang='lat' dir='ltr'><strong>Fsit</strong></span> <span class='ocrx_word' id='word_1_193' title='bbox 678 2336 711 2398; x_wconf 93' lang='lat' dir='ltr'><strong>in</strong></span> <span class='ocrx_word' id='word_1_194' title='bbox 733 2335 889 2421; x_wconf 60' lang='lat' dir='ltr'><strong>duplicatis</strong></span> <span class='ocrx_word' id='word_1_195' title='bbox 912 2337 1031 2399; x_wconf 89' lang='lat' dir='ltr'><strong>ratione</strong></span> <span class='ocrx_word' id='word_1_196' title='bbox 1046 2334 1224 2411; x_wconf 89' lang='lat' dir='ltr'><strong>velocitatis,</strong></span> <span class='ocrx_word' id='word_1_197' title='bbox 1248 2334 1307 2399; x_wconf 89' lang='lat' dir='ltr'><strong>erit</strong></span> <span class='ocrx_word' id='word_1_198' title='bbox 1327 2335 1507 2403; x_wconf 86' lang='lat' dir='ltr'><strong>resistentia</strong></span> 
     </span>
     <span class='ocr_line' id='line_1_19' title="bbox 214 2444 987 2529; baseline 0.003 -21"><span class='ocrx_word' id='word_1_199' title='bbox 214 2445 354 2527; x_wconf 86' lang='lat' dir='ltr'><strong>corporis</strong></span> <span class='ocrx_word' id='word_1_200' title='bbox 368 2445 402 2508; x_wconf 92' lang='lat' dir='ltr'>D</span> <span class='ocrx_word' id='word_1_201' title='bbox 417 2445 449 2507; x_wconf 89' lang='lat' dir='ltr'><strong>in</strong></span> <span class='ocrx_word' id='word_1_202' title='bbox 465 2444 574 2510; x_wconf 65' lang='lat' dir='ltr'><strong>eisdem</strong></span> <span class='ocrx_word' id='word_1_203' title='bbox 589 2446 709 2510; x_wconf 89' lang='lat' dir='ltr'><strong>ratione</strong></span> <span class='ocrx_word' id='word_1_204' title='bbox 722 2444 815 2528; x_wconf 81' lang='lat' dir='ltr'><strong>qusim</strong></span> <span class='ocrx_word' id='word_1_205' title='bbox 829 2444 987 2529; x_wconf 61' lang='lat' dir='ltr'><strong>proxime,</strong></span> 
     </span>
    </p>

    <p class='ocr_par' dir='ltr' id='par_1_4' title="bbox 258 2548 1505 2637">
     <span class='ocr_line' id='line_1_20' title="bbox 258 2548 1505 2637; baseline 0.001 -22"><span class='ocrx_word' id='word_1_206' title='bbox 258 2548 298 2634; x_wconf 78' lang='lat'>(¹¹)</span> <span class='ocrx_word' id='word_1_207' title='bbox 315 2552 414 2615; x_wconf 79' lang='lat' dir='ltr'><strong>corot.</strong></span> <span class='ocrx_word' id='word_1_208' title='bbox 432 2559 461 2614; x_wconf 82' lang='grc'><strong>3.</strong></span> <span class='ocrx_word' id='word_1_209' title='bbox 507 2550 655 2635; x_wconf 85' lang='lat' dir='ltr'><strong>Corporis</strong></span> <span class='ocrx_word' id='word_1_210' title='bbox 670 2551 703 2613; x_wconf 91' lang='lat' dir='ltr'><strong>in</strong></span> <span class='ocrx_word' id='word_1_211' title='bbox 716 2550 815 2614; x_wconf 90' lang='lat' dir='ltr'><strong>fluido</strong></span> <span class='ocrx_word' id='word_1_212' title='bbox 829 2551 938 2637; x_wconf 82' lang='lat' dir='ltr'><strong>quovis</strong></span> <span class='ocrx_word' id='word_1_213' title='bbox 952 2551 1079 2616; x_wconf 89' lang='lat' dir='ltr'><strong>elastico</strong></span> <span class='ocrx_word' id='word_1_214' title='bbox 1093 2548 1283 2615; x_wconf 71' lang='lat' dir='ltr'><strong>velocissime</strong></span> <span class='ocrx_word' id='word_1_215' title='bbox 1297 2551 1376 2614; x_wconf 89' lang='lat' dir='ltr'><strong>moti</strong></span> <span class='ocrx_word' id='word_1_216' title='bbox 1389 2551 1505 2616; x_wconf 87' lang='lat' dir='ltr'><strong>eadem</strong></span> 
     </span>
    </p>
   </div>
   <div class='ocr_carea' id='block_1_4' title="bbox 93 2652 1503 2745">
    <p class='ocr_par' dir='ltr' id='par_1_5' title="bbox 93 2652 1503 2745">
     <span class='ocr_line' id='line_1_21' title="bbox 93 2652 1503 2745; baseline 0.006 -30"><span class='ocrx_word' id='word_1_217' title='bbox 93 2706 97 2715; x_wconf 94' lang='lat'>.</span> <span class='ocrx_word' id='word_1_218' title='bbox 212 2652 277 2718; x_wconf 79' lang='lat' dir='ltr'><strong>fere</strong></span> <span class='ocrx_word' id='word_1_219' title='bbox 291 2667 337 2719; x_wconf 89' lang='lat' dir='ltr'><strong>est</strong></span> <span class='ocrx_word' id='word_1_220' title='bbox 351 2656 524 2720; x_wconf 88' lang='lat' dir='ltr'><strong>resistentia</strong></span> <span class='ocrx_word' id='word_1_221' title='bbox 537 2679 574 2720; x_wconf 86' lang='lat' dir='ltr'><strong>ae</strong></span> <span class='ocrx_word' id='word_1_222' title='bbox 588 2657 613 2719; x_wconf 90' lang='lat' dir='ltr'><strong>si</strong></span> <span class='ocrx_word' id='word_1_223' title='bbox 627 2670 731 2740; x_wconf 85' lang='lat' dir='ltr'><strong>partes</strong></span> <span class='ocrx_word' id='word_1_224' title='bbox 739 2657 827 2721; x_wconf 89' lang='lat' dir='ltr'><strong>fluidi</strong></span> <span class='ocrx_word' id='word_1_225' title='bbox 841 2658 958 2722; x_wconf 80' lang='lat' dir='ltr'><strong>viribus</strong></span> <span class='ocrx_word' id='word_1_226' title='bbox 973 2658 1036 2721; x_wconf 91' lang='lat' dir='ltr'><strong>suis</strong></span> <span class='ocrx_word' id='word_1_227' title='bbox 1051 2657 1230 2745; x_wconf 82' lang='lat' dir='ltr'><strong>centrifugis</strong></span> <span class='ocrx_word' id='word_1_228' title='bbox 1244 2657 1503 2738; x_wconf 83' lang='lat' dir='ltr'><strong>destituerentur,</strong></span> 
     </span>
    </p>
   </div>
   <div class='ocr_carea' id='block_1_5' title="bbox 107 2764 1504 4037">
    <p class='ocr_par' dir='ltr' id='par_1_6' title="bbox 211 2764 1504 3063">
     <span class='ocr_line' id='line_1_22' title="bbox 212 2764 1504 2852; baseline 0.007 -26"><span class='ocrx_word' id='word_1_229' title='bbox 212 2783 308 2848; x_wconf 90' lang='lat' dir='ltr'><strong>seque</strong></span> <span class='ocrx_word' id='word_1_230' title='bbox 329 2777 438 2827; x_wconf 88' lang='lat' dir='ltr'><strong>mutuo</strong></span> <span class='ocrx_word' id='word_1_231' title='bbox 458 2785 521 2827; x_wconf 94' lang='lat' dir='ltr'><strong>non</strong></span> <span class='ocrx_word' id='word_1_232' title='bbox 540 2764 700 2850; x_wconf 81' lang='lat' dir='ltr'><strong>fugerent:</strong></span> <span class='ocrx_word' id='word_1_233' title='bbox 725 2766 751 2828; x_wconf 89' lang='lat' dir='ltr'><strong>si</strong></span> <span class='ocrx_word' id='word_1_234' title='bbox 772 2766 867 2830; x_wconf 91' lang='lat' dir='ltr'><strong>modo</strong></span> <span class='ocrx_word' id='word_1_235' title='bbox 886 2766 976 2831; x_wconf 89' lang='lat' dir='ltr'><strong>fluidi</strong></span> <span class='ocrx_word' id='word_1_236' title='bbox 998 2768 1043 2830; x_wconf 88' lang='lat' dir='ltr'><strong>vis</strong></span> <span class='ocrx_word' id='word_1_237' title='bbox 1065 2768 1190 2832; x_wconf 87' lang='lat' dir='ltr'><strong>elastica</strong></span> <span class='ocrx_word' id='word_1_238' title='bbox 1210 2789 1251 2831; x_wconf 88' lang='lat' dir='ltr'><strong>ex</strong></span> <span class='ocrx_word' id='word_1_239' title='bbox 1273 2768 1504 2852; x_wconf 83' lang='lat' dir='ltr'><strong>particularum</strong></span> 
     </span>
     <span class='ocr_line' id='line_1_23' title="bbox 211 2868 1504 2961; baseline 0.011 -30"><span class='ocrx_word' id='word_1_240' title='bbox 211 2868 328 2932; x_wconf 77' lang='lat' dir='ltr'><strong>viribus</strong></span> <span class='ocrx_word' id='word_1_241' title='bbox 343 2868 523 2957; x_wconf 84' lang='lat' dir='ltr'><strong>centrifugis</strong></span> <span class='ocrx_word' id='word_1_242' title='bbox 536 2871 662 2950; x_wconf 89' lang='lat' dir='ltr'><strong>oriatur,</strong></span> <span class='ocrx_word' id='word_1_243' title='bbox 678 2885 711 2937; x_wconf 93' lang='lat' dir='ltr'><strong>et</strong></span> <span class='ocrx_word' id='word_1_244' title='bbox 726 2873 870 2938; x_wconf 85' lang='lat' dir='ltr'><strong>velocitas</strong></span> <span class='ocrx_word' id='word_1_245' title='bbox 885 2870 964 2938; x_wconf 83' lang='lat' dir='ltr'><strong>sded</strong></span> <span class='ocrx_word' id='word_1_246' title='bbox 979 2896 1094 2961; x_wconf 77' lang='lat' dir='ltr'><strong>magna</strong></span> <span class='ocrx_word' id='word_1_247' title='bbox 1104 2875 1144 2940; x_wconf 91' lang='lat' dir='ltr'><strong>sit</strong></span> <span class='ocrx_word' id='word_1_248' title='bbox 1153 2888 1188 2941; x_wconf 93' lang='lat' dir='ltr'><strong>ut</strong></span> <span class='ocrx_word' id='word_1_249' title='bbox 1196 2875 1276 2939; x_wconf 84' lang='lat' dir='ltr'><strong>vires</strong></span> <span class='ocrx_word' id='word_1_250' title='bbox 1287 2875 1504 2945; x_wconf 81' lang='lat' dir='ltr'><strong>nonhabesnt</strong></span> 
     </span>
     <span class='ocr_line' id='line_1_24' title="bbox 211 2974 681 3063; baseline 0.006 -24"><span class='ocrx_word' id='word_1_251' title='bbox 211 2974 284 3039; x_wconf 87' lang='lat' dir='ltr'><strong>sotis</strong></span> <span class='ocrx_word' id='word_1_252' title='bbox 300 2975 446 3058; x_wconf 86' lang='lat' dir='ltr'><strong>temporis</strong></span> <span class='ocrx_word' id='word_1_253' title='bbox 461 2974 502 3038; x_wconf 91' lang='lat' dir='ltr'><strong>ad</strong></span> <span class='ocrx_word' id='word_1_254' title='bbox 516 2977 681 3063; x_wconf 81' lang='lat' dir='ltr'><strong>agendum.</strong></span> 
     </span>
    </p>

    <p class='ocr_par' dir='ltr' id='par_1_7' title="bbox 107 3083 1500 3401">
     <span class='ocr_line' id='line_1_25' title="bbox 255 3083 1500 3176; baseline 0.007 -30"><span class='ocrx_word' id='word_1_255' title='bbox 255 3083 353 3146; x_wconf 84' lang='lat' dir='ltr'><strong>Corol.</strong></span> <span class='ocrx_word' id='word_1_256' title='bbox 369 3092 400 3146; x_wconf 81' lang='lat'><strong>4.</strong></span> <span class='ocrx_word' id='word_1_257' title='bbox 434 3083 571 3150; x_wconf 86' lang='lat' dir='ltr'><strong>Proinde</strong></span> <span class='ocrx_word' id='word_1_258' title='bbox 582 3085 654 3150; x_wconf 84' lang='lat' dir='ltr'><strong>edm</strong></span> <span class='ocrx_word' id='word_1_259' title='bbox 665 3088 847 3153; x_wconf 74' lang='lat' dir='ltr'><strong>resistentie</strong></span> <span class='ocrx_word' id='word_1_260' title='bbox 861 3089 1007 3153; x_wconf 89' lang='lat' dir='ltr'><strong>similium</strong></span> <span class='ocrx_word' id='word_1_261' title='bbox 1021 3102 1053 3154; x_wconf 88' lang='lat' dir='ltr'><strong>et</strong></span> <span class='ocrx_word' id='word_1_262' title='bbox 1066 3091 1300 3176; x_wconf 82' lang='lat' dir='ltr'><strong>oeqnivelocium</strong></span> <span class='ocrx_word' id='word_1_263' title='bbox 1315 3112 1500 3175; x_wconf 85' lang='lat' dir='ltr'><strong>corporum,</strong></span> 
     </span>
     <span class='ocr_line' id='line_1_26' title="bbox 208 3188 1499 3285; baseline 0.008 -33"><span class='ocrx_word' id='word_1_264' title='bbox 208 3188 241 3252; x_wconf 92' lang='lat' dir='ltr'><strong>in</strong></span> <span class='ocrx_word' id='word_1_265' title='bbox 266 3188 370 3254; x_wconf 91' lang='lat' dir='ltr'><strong>medio</strong></span> <span class='ocrx_word' id='word_1_266' title='bbox 391 3192 478 3275; x_wconf 81' lang='lat' dir='ltr'><strong>cujus</strong></span> <span class='ocrx_word' id='word_1_267' title='bbox 500 3205 604 3275; x_wconf 83' lang='lat' dir='ltr'><strong>partes</strong></span> <span class='ocrx_word' id='word_1_268' title='bbox 625 3193 775 3258; x_wconf 85' lang='lat' dir='ltr'><strong>distantes</strong></span> <span class='ocrx_word' id='word_1_269' title='bbox 796 3217 831 3258; x_wconf 88' lang='lat' dir='ltr'><strong>se</strong></span> <span class='ocrx_word' id='word_1_270' title='bbox 851 3208 962 3260; x_wconf 87' lang='lat' dir='ltr'><strong>mutuo</strong></span> <span class='ocrx_word' id='word_1_271' title='bbox 982 3218 1047 3260; x_wconf 93' lang='lat' dir='ltr'><strong>non</strong></span> <span class='ocrx_word' id='word_1_272' title='bbox 1067 3195 1202 3283; x_wconf 78' lang='lat' dir='ltr'><strong>fugiunt,</strong></span> <span class='ocrx_word' id='word_1_273' title='bbox 1230 3196 1263 3280; x_wconf 78' lang='lat'><strong>(¹)</strong></span> <span class='ocrx_word' id='word_1_274' title='bbox 1279 3196 1342 3260; x_wconf 88' lang='lat' dir='ltr'><strong>sint</strong></span> <span class='ocrx_word' id='word_1_275' title='bbox 1364 3209 1401 3261; x_wconf 89' lang='lat' dir='ltr'><strong>ut</strong></span> <span class='ocrx_word' id='word_1_276' title='bbox 1421 3221 1499 3285; x_wconf 90' lang='lat' dir='ltr'><strong>qua-</strong></span> 
     </span>
     <span class='ocr_line' id='line_1_27' title="bbox 107 3287 1499 3401; baseline 0.009 -44"><span class='ocrx_word' id='word_1_277' title='bbox 107 3385 114 3401; x_wconf 40' lang='lat'><strong>·</strong></span> <span class='ocrx_word' id='word_1_278' title='bbox 207 3293 297 3359; x_wconf 90' lang='lat' dir='ltr'><strong>drata</strong></span> <span class='ocrx_word' id='word_1_279' title='bbox 328 3287 568 3375; x_wconf 69' lang='lat' dir='ltr'><strong>diametrorum</strong></span> <span class='ocrx_word' id='word_1_280' title='bbox 599 3315 672 3366; x_wconf 89' lang='lat' dir='ltr'><strong>sunt</strong></span> <span class='ocrx_word' id='word_1_281' title='bbox 697 3303 788 3366; x_wconf 84' lang='lat' dir='ltr'><strong>etiam</strong></span> <span class='ocrx_word' id='word_1_282' title='bbox 819 3303 1054 3388; x_wconf 82' lang='lat' dir='ltr'><strong>requirelocinm</strong></span> <span class='ocrx_word' id='word_1_283' title='bbox 1083 3318 1115 3369; x_wconf 93' lang='lat' dir='ltr'><strong>et</strong></span> <span class='ocrx_word' id='word_1_284' title='bbox 1143 3303 1303 3370; x_wconf 72' lang='lat' dir='ltr'><strong>delerrime</strong></span> <span class='ocrx_word' id='word_1_285' title='bbox 1336 3316 1499 3370; x_wconf 83' lang='lat' dir='ltr'><strong>motorum</strong></span> 
     </span>
    </p>

    <p class='ocr_par' dir='ltr' id='par_1_8' title="bbox 202 3409 1499 4037">
     <span class='ocr_line' id='line_1_28' title="bbox 206 3409 1499 3499; baseline 0.008 -32"><span class='ocrx_word' id='word_1_286' title='bbox 206 3426 373 3489; x_wconf 89' lang='lat' dir='ltr'><strong>oorpornm</strong></span> <span class='ocrx_word' id='word_1_287' title='bbox 395 3409 578 3474; x_wconf 85' lang='lat' dir='ltr'><strong>resistentiae</strong></span> <span class='ocrx_word' id='word_1_288' title='bbox 600 3411 632 3474; x_wconf 89' lang='lat' dir='ltr'><strong>in</strong></span> <span class='ocrx_word' id='word_1_289' title='bbox 653 3411 751 3476; x_wconf 88' lang='lat' dir='ltr'><strong>fluido</strong></span> <span class='ocrx_word' id='word_1_290' title='bbox 772 3411 899 3477; x_wconf 83' lang='lat' dir='ltr'><strong>elastico</strong></span> <span class='ocrx_word' id='word_1_291' title='bbox 921 3425 956 3477; x_wconf 88' lang='lat' dir='ltr'><strong>ut</strong></span> <span class='ocrx_word' id='word_1_292' title='bbox 976 3412 1127 3497; x_wconf 77' lang='lat' dir='ltr'><strong>quadrata</strong></span> <span class='ocrx_word' id='word_1_293' title='bbox 1152 3411 1376 3476; x_wconf 86' lang='lat' dir='ltr'><strong>diametrorum</strong></span> <span class='ocrx_word' id='word_1_294' title='bbox 1399 3411 1499 3499; x_wconf 84' lang='lat' dir='ltr'><strong>qudm</strong></span> 
     </span>
     <span class='ocr_line' id='line_1_29' title="bbox 205 3511 1234 3595; baseline 0.007 -21"><span class='ocrx_word' id='word_1_295' title='bbox 205 3511 357 3595; x_wconf 72' lang='lat' dir='ltr'><strong>proxume.</strong></span> <span class='ocrx_word' id='word_1_296' title='bbox 1224 3572 1234 3581; x_wconf 88' lang='lat'>.</span> 
     </span>
     <span class='ocr_line' id='line_1_30' title="bbox 250 3621 1495 3712; baseline 0.006 -28"><span class='ocrx_word' id='word_1_297' title='bbox 250 3621 347 3684; x_wconf 86' lang='lat' dir='ltr'><strong>Corol.</strong></span> <span class='ocrx_word' id='word_1_298' title='bbox 364 3629 394 3684; x_wconf 83' lang='lat'><strong>5.</strong></span> <span class='ocrx_word' id='word_1_299' title='bbox 440 3621 482 3685; x_wconf 87' lang='lat' dir='ltr'><strong>Et</strong></span> <span class='ocrx_word' id='word_1_300' title='bbox 504 3621 574 3685; x_wconf 82' lang='lat' dir='ltr'><strong>edm</strong></span> <span class='ocrx_word' id='word_1_301' title='bbox 597 3639 729 3708; x_wconf 83' lang='lat' dir='ltr'><strong>corporo</strong></span> <span class='ocrx_word' id='word_1_302' title='bbox 751 3627 871 3703; x_wconf 90' lang='lat' dir='ltr'><strong>similia,</strong></span> <span class='ocrx_word' id='word_1_303' title='bbox 895 3626 1027 3712; x_wconf 84' lang='lat' dir='ltr'><strong>oequalia</strong></span> <span class='ocrx_word' id='word_1_304' title='bbox 1048 3638 1080 3691; x_wconf 88' lang='lat' dir='ltr'><strong>et</strong></span> <span class='ocrx_word' id='word_1_305' title='bbox 1100 3626 1309 3712; x_wconf 79' lang='lat' dir='ltr'><strong>requivelotia,</strong></span> <span class='ocrx_word' id='word_1_306' title='bbox 1333 3627 1366 3689; x_wconf 91' lang='lat' dir='ltr'><strong>in</strong></span> <span class='ocrx_word' id='word_1_307' title='bbox 1380 3627 1495 3691; x_wconf 89' lang='lat' dir='ltr'><strong>mediis</strong></span> 
     </span>
     <span class='ocr_line' id='line_1_31' title="bbox 203 3724 1494 3820; baseline 0.007 -30"><span class='ocrx_word' id='word_1_308' title='bbox 203 3724 342 3812; x_wconf 86' lang='lat' dir='ltr'><strong>ejusdem</strong></span> <span class='ocrx_word' id='word_1_309' title='bbox 356 3725 525 3805; x_wconf 87' lang='lat' dir='ltr'><strong>densitatis,</strong></span> <span class='ocrx_word' id='word_1_310' title='bbox 542 3751 676 3813; x_wconf 91' lang='lat' dir='ltr'><strong>quorum</strong></span> <span class='ocrx_word' id='word_1_311' title='bbox 686 3732 847 3813; x_wconf 79' lang='lat' dir='ltr'><strong>particulas</strong></span> <span class='ocrx_word' id='word_1_312' title='bbox 861 3754 895 3796; x_wconf 89' lang='lat' dir='ltr'><strong>se</strong></span> <span class='ocrx_word' id='word_1_313' title='bbox 910 3745 1019 3797; x_wconf 87' lang='lat' dir='ltr'><strong>mutuo</strong></span> <span class='ocrx_word' id='word_1_314' title='bbox 1030 3755 1094 3796; x_wconf 92' lang='lat' dir='ltr'><strong>non</strong></span> <span class='ocrx_word' id='word_1_315' title='bbox 1104 3732 1237 3820; x_wconf 79' lang='lat' dir='ltr'><strong>fugiunt,</strong></span> <span class='ocrx_word' id='word_1_316' title='bbox 1254 3734 1318 3798; x_wconf 87' lang='lat' dir='ltr'><strong>sive</strong></span> <span class='ocrx_word' id='word_1_317' title='bbox 1327 3734 1494 3819; x_wconf 82' lang='lat' dir='ltr'><strong>particuloe</strong></span> 
     </span>
     <span class='ocr_line' id='line_1_32' title="bbox 202 3834 1493 3927; baseline 0.007 -29"><span class='ocrx_word' id='word_1_318' title='bbox 202 3834 265 3899; x_wconf 83' lang='lat' dir='ltr'><strong>illae</strong></span> <span class='ocrx_word' id='word_1_319' title='bbox 279 3836 342 3899; x_wconf 88' lang='lat' dir='ltr'><strong>sint</strong></span> <span class='ocrx_word' id='word_1_320' title='bbox 355 3836 460 3921; x_wconf 91' lang='lat' dir='ltr'><strong>plures</strong></span> <span class='ocrx_word' id='word_1_321' title='bbox 475 3850 507 3901; x_wconf 90' lang='lat' dir='ltr'><strong>et</strong></span> <span class='ocrx_word' id='word_1_322' title='bbox 521 3838 667 3916; x_wconf 91' lang='lat' dir='ltr'><strong>minores,</strong></span> <span class='ocrx_word' id='word_1_323' title='bbox 684 3839 747 3903; x_wconf 88' lang='lat' dir='ltr'><strong>sive</strong></span> <span class='ocrx_word' id='word_1_324' title='bbox 761 3842 923 3925; x_wconf 88' lang='lat' dir='ltr'><strong>pauciores</strong></span> <span class='ocrx_word' id='word_1_325' title='bbox 939 3854 970 3904; x_wconf 93' lang='lat' dir='ltr'><strong>et</strong></span> <span class='ocrx_word' id='word_1_326' title='bbox 984 3842 1126 3926; x_wconf 85' lang='lat' dir='ltr'><strong>majores,</strong></span> <span class='ocrx_word' id='word_1_327' title='bbox 1143 3843 1175 3904; x_wconf 92' lang='lat' dir='ltr'><strong>in</strong></span> <span class='ocrx_word' id='word_1_328' title='bbox 1187 3842 1339 3927; x_wconf 65' lang='lat' dir='ltr'><strong>aequalem</strong></span> <span class='ocrx_word' id='word_1_329' title='bbox 1351 3845 1493 3907; x_wconf 77' lang='lat' dir='ltr'><strong>materies</strong></span> 
     </span>
     <span class='ocr_line' id='line_1_33' title="bbox 202 3947 1492 4037; baseline 0.009 -30"><span class='ocrx_word' id='word_1_330' title='bbox 202 3947 404 4029; x_wconf 79' lang='lat' dir='ltr'><strong>quantitatem</strong></span> <span class='ocrx_word' id='word_1_331' title='bbox 434 3949 626 4033; x_wconf 86' lang='lat' dir='ltr'><strong>temporibus</strong></span> <span class='ocrx_word' id='word_1_332' title='bbox 658 3952 829 4036; x_wconf 84' lang='lat' dir='ltr'><strong>oequalibus</strong></span> <span class='ocrx_word' id='word_1_333' title='bbox 863 3950 1046 4037; x_wconf 80' lang='lat' dir='ltr'><strong>impingant,</strong></span> <span class='ocrx_word' id='word_1_334' title='bbox 1084 3952 1174 4036; x_wconf 90' lang='lat' dir='ltr'><strong>eique</strong></span> <span class='ocrx_word' id='word_1_335' title='bbox 1202 3951 1356 4037; x_wconf 82' lang='lat' dir='ltr'><strong>oequalenr</strong></span> <span class='ocrx_word' id='word_1_336' title='bbox 1384 3966 1492 4018; x_wconf 89' lang='lat' dir='ltr'><strong>motus</strong></span> 
     </span>
    </p>
   </div>
   <div class='ocr_carea' id='block_1_6' title="bbox 193 4084 1491 4790">
    <p class='ocr_par' dir='ltr' id='par_1_9' title="bbox 193 4084 1491 4800">
     <span class='ocr_line' id='line_1_34' title="bbox 234 4084 1491 4170; baseline 0.011 -36"><span class='ocrx_word' id='word_1_337' title='bbox 234 4084 493 4168; x_wconf 60' lang='lat' dir='ltr'><strong>(¹)&#39;1ny’tl0f1&#39;fsslttm</strong></span> <span class='ocrx_word' id='word_1_338' title='bbox 511 4095 599 4170; x_wconf 70' lang='lat' dir='ltr'><strong>rodone</strong></span> <span class='ocrx_word' id='word_1_339' title='bbox 617 4094 740 4156; x_wconf 83' lang='lat' dir='ltr'><strong>duplicotd.</strong></span> <span class='ocrx_word' id='word_1_340' title='bbox 775 4096 828 4159; x_wconf 77' lang='lat' dir='ltr'><strong>(Er</strong></span> <span class='ocrx_word' id='word_1_341' title='bbox 862 4097 887 4145; x_wconf 87' lang='lat' dir='ltr'>D</span> <span class='ocrx_word' id='word_1_342' title='bbox 904 4096 1160 4161; x_wconf 74' lang='lat' dir='ltr'><strong>moretursefuginnt,</strong></span> <span class='ocrx_word' id='word_1_343' title='bbox 1178 4096 1357 4161; x_wconf 74' lang='lat' dir='ltr'><strong>qualiscumque</strong></span> <span class='ocrx_word' id='word_1_344' title='bbox 1373 4099 1491 4160; x_wconf 75' lang='lat' dir='ltr'><strong>nrpponi·</strong></span> 
     </span>
     <span class='ocr_line' id='line_1_35' title="bbox 200 4144 1489 4224; baseline 0.016 -32"><span class='ocrx_word' id='word_1_345' title='bbox 200 4144 362 4197; x_wconf 61' lang='lat' dir='ltr'><strong>&amp;mamre</strong></span> <span class='ocrx_word' id='word_1_346' title='bbox 373 4164 443 4200; x_wconf 86' lang='lat' dir='ltr'><strong>rnrrro</strong></span> <span class='ocrx_word' id='word_1_347' title='bbox 455 4155 534 4203; x_wconf 84' lang='lat' dir='ltr'><strong>Corol.</strong></span> <span class='ocrx_word' id='word_1_348' title='bbox 548 4158 642 4221; x_wconf 68' lang='lat' dir='ltr'><strong>hujus.)</strong></span> <span class='ocrx_word' id='word_1_349' title='bbox 859 4171 910 4218; x_wconf 66' lang='lat' dir='ltr'><strong>turg</strong></span> <span class='ocrx_word' id='word_1_350' title='bbox 922 4176 1044 4221; x_wconf 86' lang='lat' dir='ltr'><strong>eorpomm</strong></span> <span class='ocrx_word' id='word_1_351' title='bbox 1055 4162 1080 4208; x_wconf 91' lang='lat' dir='ltr'><em>D</em></span> <span class='ocrx_word' id='word_1_352' title='bbox 1088 4172 1112 4209; x_wconf 79' lang='lat' dir='ltr'><strong>et</strong></span> <span class='ocrx_word' id='word_1_353' title='bbox 1124 4161 1145 4209; x_wconf 80' lang='lat' dir='ltr'><strong>F</strong></span> <span class='ocrx_word' id='word_1_354' title='bbox 1151 4164 1191 4209; x_wconf 85' lang='lat' dir='ltr'><strong>ubl</strong></span> <span class='ocrx_word' id='word_1_355' title='bbox 1202 4162 1344 4210; x_wconf 70' lang='lat' dir='ltr'><strong>veneratus</strong></span> <span class='ocrx_word' id='word_1_356' title='bbox 1354 4175 1489 4224; x_wconf 71' lang='lat' dir='ltr'><strong>morosum,</strong></span> 
     </span>
     <span class='ocr_line' id='line_1_36' title="bbox 198 4209 1487 4337; baseline 0.027 -97"><span class='ocrx_word' id='word_1_357' title='bbox 198 4209 614 4335; x_wconf 43' lang='lat' dir='ltr'><strong>dqppocssagqlmssdteqsqffle</strong></span> <span class='ocrx_word' id='word_1_358' title='bbox 651 4223 675 4269; x_wconf 87' lang='lat' dir='ltr'><strong>si</strong></span> <span class='ocrx_word' id='word_1_359' title='bbox 692 4222 828 4332; x_wconf 59' lang='grc' dir='ltr'><strong>ςιιῐὲηνεΙο-</strong></span> <span class='ocrx_word' id='word_1_360' title='bbox 860 4225 1364 4337; x_wconf 45' lang='lat' dir='ltr'><strong>ffitenffisppqnmdbusoequdgbosquam</strong></span> <span class='ocrx_word' id='word_1_361' title='bbox 1372 4228 1487 4304; x_wconf 54' lang='lat' dir='ltr'><strong>proximi.</strong></span> 
     </span>
     <span class='ocr_line' id='line_1_37' title="bbox 197 4299 1489 4448; baseline 0.016 -66"><span class='ocrx_word' id='word_1_362' title='bbox 197 4346 281 4447; x_wconf 48' lang='lat' dir='ltr'><strong>&#39;imrlribu&#39;</strong></span> <span class='ocrx_word' id='word_1_363' title='bbox 297 4315 534 4448; x_wconf 53' lang='lat' dir='ltr'><strong>rgqsdparticulanmi</strong></span> <span class='ocrx_word' id='word_1_364' title='bbox 550 4299 622 4392; x_wconf 63' lang='lat' dir='ltr'><strong>druelld</strong></span> <span class='ocrx_word' id='word_1_365' title='bbox 636 4300 829 4420; x_wconf 20' lang='lat' dir='ltr'><strong>didiueidiis</strong></span> <span class='ocrx_word' id='word_1_366' title='bbox 860 4352 889 4398; x_wconf 71' lang='lat' dir='ltr'><strong>l:</strong></span> <span class='ocrx_word' id='word_1_367' title='bbox 899 4303 1233 4427; x_wconf 48' lang='lat' dir='ltr'><strong>silbudceniitilugisciiiiim</strong></span> <span class='ocrx_word' id='word_1_368' title='bbox 1243 4300 1489 4403; x_wconf 46' lang='lat' dir='ltr'><strong>dgiitrrmsdiuffi</strong></span> 
     </span>
     <span class='ocr_line' id='line_1_38' title="bbox 195 4405 1488 4543; baseline 0.014 -31"><span class='ocrx_word' id='word_1_369' title='bbox 195 4417 299 4540; x_wconf 59' lang='lat' dir='ltr'><strong>mals</strong></span> <span class='ocrx_word' id='word_1_370' title='bbox 315 4405 826 4549; x_wconf 47' lang='lat' dir='ltr'><strong>&amp;tltta‘t&#39;tt‘zsslffl</strong></span> <span class='ocrx_word' id='word_1_371' title='bbox 858 4415 1488 4543; x_wconf 51' lang='lat' dir='ltr'><strong>taffssttttssttttttmmm</strong></span> 
     </span>
     <span class='ocr_line' id='line_1_39' title="bbox 197 4527 1289 4654; baseline 0.015 -79"><span class='ocrx_word' id='word_1_372' title='bbox 197 4527 222 4575; x_wconf 79' lang='lat' dir='ltr'>A</span> <span class='ocrx_word' id='word_1_373' title='bbox 233 4527 264 4638; x_wconf 46' lang='lat' dir='ltr'><strong>qld</strong></span> <span class='ocrx_word' id='word_1_374' title='bbox 270 4529 631 4645; x_wconf 49' lang='lat' dir='ltr'><strong>finiamffigissqffiffiff</strong></span> <span class='ocrx_word' id='word_1_375' title='bbox 643 4535 825 4649; x_wconf 50' lang='lat' dir='ltr'><strong>velogpqqufirm-</strong></span> <span class='ocrx_word' id='word_1_376' title='bbox 858 4555 913 4635; x_wconf 67' lang='lat' dir='ltr'><strong>aurp</strong></span> <span class='ocrx_word' id='word_1_377' title='bbox 924 4543 949 4634; x_wconf 73' lang='lat' dir='ltr'><strong>ip</strong></span> <span class='ocrx_word' id='word_1_378' title='bbox 958 4557 1009 4654; x_wconf 52' lang='lat' dir='ltr'><strong>gig</strong></span> <span class='ocrx_word' id='word_1_379' title='bbox 1017 4542 1076 4589; x_wconf 77' lang='lat' dir='ltr'><strong>sires</strong></span> <span class='ocrx_word' id='word_1_380' title='bbox 1087 4541 1134 4591; x_wconf 73' lang='lat' dir='ltr'><strong>tue</strong></span> <span class='ocrx_word' id='word_1_381' title='bbox 1144 4544 1217 4622; x_wconf 41' lang='lat' dir='ltr'><strong>nulle·</strong></span> <span class='ocrx_word' id='word_1_382' title='bbox 1227 4555 1289 4592; x_wconf 84' lang='lat' dir='ltr'><strong>sunt.</strong></span> 
     </span>
     <span class='ocr_line' id='line_1_40' title="bbox 194 4604 1487 4739; baseline 0.017 -37"><span class='ocrx_word' id='word_1_383' title='bbox 194 4604 292 4731; x_wconf 43' lang='lat' dir='ltr'><strong>publ·</strong></span> <span class='ocrx_word' id='word_1_384' title='bbox 306 4608 459 4734; x_wconf 42' lang='lat' dir='ltr'><strong>&amp;glastum</strong></span> <span class='ocrx_word' id='word_1_385' title='bbox 474 4662 498 4707; x_wconf 73' lang='lat'><strong>3.</strong></span> <span class='ocrx_word' id='word_1_386' title='bbox 536 4659 604 4736; x_wconf 66' lang='lat' dir='ltr'><strong>Patet</strong></span> <span class='ocrx_word' id='word_1_387' title='bbox 622 4613 738 4722; x_wconf 50' lang='lat' dir='ltr'><strong>pirorpcor.</strong></span> <span class='ocrx_word' id='word_1_388' title='bbox 758 4671 778 4712; x_wconf 78' lang='lat'><em>2</em></span> <span class='ocrx_word' id='word_1_389' title='bbox 798 4665 824 4712; x_wconf 84' lang='lat' dir='ltr'><strong>in</strong></span> <span class='ocrx_word' id='word_1_390' title='bbox 855 4605 944 4728; x_wconf 64' lang='lat' dir='ltr'><strong>paitim</strong></span> <span class='ocrx_word' id='word_1_391' title='bbox 959 4612 1209 4733; x_wconf 46' lang='lat' dir='ltr'><strong>demul’iouridlitiius.</strong></span> <span class='ocrx_word' id='word_1_392' title='bbox 1228 4673 1259 4720; x_wconf 85' lang='lat' dir='ltr'><strong>ob</strong></span> <span class='ocrx_word' id='word_1_393' title='bbox 1277 4610 1487 4739; x_wconf 48' lang='lat' dir='ltr'><strong>&amp;cwig-2</strong></span> 
     </span>
     <span class='ocr_line' id='line_1_41' title="bbox 193 4720 1471 4790; baseline 0.012 -22"><span class='ocrx_word' id='word_1_394' title='bbox 193 4720 510 4784; x_wconf 61' lang='lat' dir='ltr'><strong>quorumque-raml-</strong></span> <span class='ocrx_word' id='word_1_395' title='bbox 526 4724 598 4783; x_wconf 71' lang='lat' dir='ltr'><strong>msdn</strong></span> <span class='ocrx_word' id='word_1_396' title='bbox 611 4726 824 4790; x_wconf 75' lang='lat' dir='ltr'><strong>Ainquooorpus</strong></span> <span class='ocrx_word' id='word_1_397' title='bbox 856 4730 1349 4787; x_wconf 58' lang='lat' dir='ltr'><strong>mandamentum.</strong></span> <span class='ocrx_word' id='word_1_398' title='bbox 1465 4775 1471 4783; x_wconf 92' lang='lat'><em>.</em></span> 
     </span>
    </p>
   </div>
   <div class='ocr_carea' id='block_1_7' title="bbox 1336 4852 1360 4885">
    <p class='ocr_par' dir='ltr' id='par_1_10' title="bbox 1336 4852 1360 4885">
     <span class='ocr_line' id='line_1_42' title="bbox 1336 4852 1360 4885; baseline 0 -14"><span class='ocrx_word' id='word_1_399' title='bbox 1336 4852 1360 4885; x_wconf 51' lang='lat' dir='ltr'><strong>t</strong></span> 
     </span>
    </p>
   </div>
   <div class='ocr_carea' id='block_1_8' title="bbox 0 0 1666 5738">
    <p class='ocr_par' dir='ltr' id='par_1_11' title="bbox 0 0 1666 5738">
     <span class='ocr_line' id='line_1_43' title="bbox 0 0 1666 5738; baseline 0 12"><span class='ocrx_word' id='word_1_400' title='bbox 0 0 1666 5738; x_wconf 95' lang='lat' dir='ltr'><strong> </strong></span> 
     </span>
    </p>
   </div>
  </div>
 </body>
</html>
