3322 5738
96 424 209 490 Lissa
223 424 387 502 secum]
418 421 658 488 PRINCIPIA
683 420 1053 487 MATHEMATICA.
1318 432 1380 493 847

96 595 194 683 digus
209 595 378 659 reducitur.
423 595 601 680 Antequam
616 593 773 670 caderent,
790 592 1054 677 immergebantur
1064 593 1187 676 penitus
1202 595 1234 658 in
1249 617 1379 681 aquum;

95 723 136 766 ue
156 701 297 785 pondere
318 701 415 784 partis
437 700 567 786 alicujus
588 723 629 764 ex
651 699 731 785 aqui
752 699 885 762 extantis
907 697 1073 761 descensus
1096 722 1204 763 eorum
1220 702 1278 765 sub
1292 702 1381 765 initio

97 810 328 874 acceleraretur.
376 809 418 872 Et
432 810 485 873 ubi
499 808 623 893 penitus
638 807 774 872 immersi
789 806 998 892 quiescebant,
1021 807 1264 874 demittebantur
1287 833 1380 896 quam
1430 891 1434 899 Ι

97 916 282 994 cautissime,
298 940 338 982 ne
353 917 521 1001 impulsum
536 919 671 1003 aliquem
685 941 704 981 a
717 939 811 981 manu
826 917 1008 982 demittente
1023 918 1207 1002 acciperent.
1252 919 1381 983 Cecide-

97 1038 171 1089 runt
191 1037 296 1089 autem
318 1023 490 1088 successive
511 1017 705 1106 temporibus
726 1020 952 1088 oscillationum
976 1028 1048 1106 471,
1066 1028 1139 1105 481,
1156 1034 1197 1090 50
1213 1038 1244 1088 et
1259 1033 1310 1102 51,
1326 1025 1381 1088 de·

98 1132 267 1196 scribentes
292 1130 487 1194 altitudinem
516 1128 632 1212 pedum
661 1128 839 1213 quindecim
868 1145 900 1193 et
928 1129 1098 1216 digitorum
1127 1130 1271 1194 duorum.
1318 1133 1381 1196 Sed

98 1253 264 1324 tempestas
280 1239 347 1323 jam
362 1237 458 1321 paulb
473 1237 614 1323 frigidior
628 1253 694 1300 crat
708 1235 801 1321 quim
818 1257 888 1300 cum
903 1236 990 1324 globi
1009 1227 1272 1322 ponderabuntur,
1296 1240 1382 1304 ideb-

98 1372 159 1436 que
174 1347 280 1411 iteravi
294 1347 543 1431 experimentum
557 1344 619 1409 alio
633 1346 694 1422 die,
711 1360 743 1409 et
756 1346 842 1433 globi
857 1347 1037 1411 ceciderunt
1051 1350 1243 1433 temporibus
1259 1350 1381 1413 oscilla·

98 1459 218 1521 tionum
233 1465 285 1532 49,
301 1461 373 1539 491,
391 1464 433 1520 50
447 1467 479 1518 et
494 1464 546 1532 53,
563 1477 599 1518 ac
614 1455 705 1517 tertio
724 1455 917 1538 temporibus
936 1457 1161 1522 oscillationum
1180 1464 1253 1541 491,
1271 1469 1322 1537 50,
1339 1468 1376 1524 51

99 1576 131 1627 et
145 1572 196 1626 53.
241 1561 466 1646 Experimento
491 1560 606 1644 saepius
629 1573 731 1645 capto,
757 1560 844 1647 globi
874 1562 1053 1627 ceciderunt
1076 1565 1210 1628 maximi
1232 1588 1272 1629 ex
1294 1581 1383 1650 parte

99 1669 288 1754 temporibus
302 1669 528 1733 oscillationum
544 1674 606 1750 491
623 1681 656 1732 et
670 1679 721 1734 50.
768 1669 833 1736 Ubi
848 1670 971 1736 tardius
982 1664 1133 1751 cecidere,
1157 1677 1298 1759 suspicor
1312 1698 1384 1740 eos·

98 1776 171 1840 dem
185 1775 360 1839 retardatos
374 1774 469 1839 fuisse
483 1775 686 1862 impingendo
700 1775 733 1838 in
747 1775 844 1840 latera
858 1778 953 1841 vasis.

140 1885 212 1950 Jarn
226 1898 407 1970 computum
421 1907 480 1969 per
494 1885 646 1948 theoriam
661 1885 808 1963 ineundo,
824 1887 982 1970 prodeunt
996 1890 1120 1971 pondus
1133 1893 1221 1979 globi
1235 1894 1267 1957 in
1282 1915 1382 1958 vacuo

101 1994 183 2074 1391
203 2012 386 2078 granorum.
432 1990 588 2055 Excessus
610 1990 702 2078 hujus
721 1992 871 2077 ponderis
893 2016 987 2077 supra
1007 1996 1134 2078 pondus
1154 1998 1241 2084 globi
1256 1999 1288 2062 in
1303 1999 1383 2085 aqud

102 2102 309 2184 1381131111.
356 2099 518 2162 Diameter
531 2098 617 2185 globi
632 2109 662 2176 0,
676 2108 781 2165 99868
796 2100 860 2188 dig.
906 2101 989 2167 Octo
1004 2104 1104 2167 tertiae
1118 2121 1222 2189 partes
1242 2108 1385 2172 diametri

100 2213 131 2281 8,
142 2212 248 2269 66315
264 2202 328 2290 dig.
373 2214 550 2298 Spatiumfl
566 2209 594 2273 F
616 2217 733 2288 8,8066
748 2207 812 2298 dig.
859 2207 1000 2291 Spatium
1015 2209 1099 2293 quod
1114 2211 1226 2297 globus
1241 2213 1382 2297 pondere

102 2325 139 2401 71
167 2339 346 2405 granomm‚
370 2330 511 2402 tempore
532 2319 645 2382 minuti
669 2321 761 2385 unius
787 2321 926 2398 secundi,
953 2322 1020 2386 sine
1043 2319 1215 2385 resistentia
1240 2319 1384 2383 cadeudo

101 2424 250 2488 describit
265 2433 295 2501 9,
307 2432 412 2489 88164
427 2424 491 2512 dig.
537 2424 580 2489 Et
593 2438 716 2512 tempus
732 2428 765 2492 G
779 2430 830 2506 Ol',
842 2437 980 2497 376843.
1025 2429 1148 2494 Globus
1171 2427 1275 2515 igitur,
1298 2426 1383 2491 velo·

100 2530 192 2594 citute
205 2529 340 2593 maximi
354 2529 487 2615 quicum
500 2543 604 2616 potest
619 2533 650 2596 in
662 2534 742 2620 aqui
753 2535 783 2598 vi
793 2535 942 2618 ponderis
953 2538 990 2616 71
1002 2557 1171 2623 granomm
1183 2533 1383 2612 descendere,

99 2653 239 2722 tempore
260 2642 310 2717 0”,
323 2648 449 2708 376843
471 2639 617 2705 describit
638 2643 772 2726 spatium
794 2651 825 2721 8,
837 2654 920 2710 8066
941 2644 1121 2731 digitorum,
1145 2658 1175 2708 et
1190 2657 1330 2726 tempore
1348 2643 1385 2705 1“

99 2745 231 2828 spatium
247 2752 276 2822 7,
289 2752 395 2813 44766
410 2746 589 2834 digitorum,
605 2761 638 2813 et
651 2752 864 2833 tempore25'l
879 2772 934 2814 seu
949 2750 1177 2814 oscillationum
1194 2759 1235 2815 50
1247 2749 1383 2832 spatium

102 2861 268 2928 186,1915
284 2852 348 2940 dig.
394 2853 593 2918 Subducatur
621 2857 756 2940 spatium
780 2865 808 2933 l,
823 2863 950 2922 386894
974 2856 1010 2932 F,
1035 2879 1089 2920 seu
1115 2865 1239 2933 1,9454
1265 2855 1329 2942 dig.
1352 2866 1386 2918 et

98 2963 237 3026 manebit
259 2963 392 3045 spatium
417 2971 488 3038 184,
499 2970 580 3027 8461
607 2963 671 3050 dig.
687 2964 771 3050 quod
785 2965 898 3052 globus
913 2965 1023 3029 eodem
1038 2980 1179 3049 ternpore
1195 2966 1226 3027 in
1242 2985 1314 3027 vase
1337 2962 1383 3026 la·

12 3060 19 3079 '
95 3066 219 3128 'tissimo
234 3065 396 3129 describet.
444 3065 498 3129 Ob
518 3067 693 3153 angustiam
715 3069 795 3132 vasis
816 3070 925 3145 nostri,
948 3069 1106 3133 minuatur
1120 3069 1181 3133 hoc
1196 3069 1330 3153 spatium
1352 3069 1384 3130 in

101 3174 220 3239 ratione
242 3198 313 3263 quae
333 3176 532 3260 componitur
553 3198 593 3239 ex
615 3177 830 3261 subduplicatai
852 3179 972 3242 ratione
993 3178 1103 3241 orificii
1125 3177 1206 3240 vasis
1220 3176 1261 3239 ad
1276 3196 1384 3240 exces-

101 3303 170 3345 sum
185 3283 277 3369 hujua
299 3282 410 3346 orificii
431 3305 526 3368 supra
547 3284 790 3349 semi-circulum
812 3286 983 3349 maximum
1004 3284 1101 3371 globi,
1128 3299 1160 3348 et
1181 3284 1312 3367 simplici
1334 3306 1384 3348 ra-

101 3389 185 3453 tione
200 3390 338 3474 ejusdem
350 3390 459 3453 orificii
474 3389 514 3453 ad
529 3410 691 3455 excessum
712 3393 780 3476 ejus
802 3412 896 3476 supra
917 3392 1067 3455 circulum
1088 3392 1260 3455 maximum
1280 3390 1384 3476 globi;

100 3513 133 3561 et
147 3495 311 3559 habebitur
326 3497 459 3580 spatium
476 3504 547 3571 181,
561 3505 602 3561 86
616 3497 797 3584 digitorum,
814 3497 898 3583 quod
909 3497 1021 3584 globus
1035 3498 1068 3560 in
1083 3497 1143 3561 hoc
1158 3519 1230 3561 vase
1244 3511 1384 3582 tempore

100 3602 328 3669 oscillationum
343 3611 385 3667 50
400 3601 576 3665 describere
589 3602 697 3666 debuit
710 3625 768 3688 per
783 3603 935 3667 theoriam
950 3603 1196 3689 quamproxime.
1235 3603 1384 3686 Descrip-

101 3712 141 3774 sit
155 3707 230 3772 verb
245 3707 379 3791 spatium
397 3715 457 3772 188
472 3706 797 3794 digitomm·tempore
817 3709 1044 3774 oscillationum
1058 3714 1120 3790 491
1137 3709 1186 3773 vel
1202 3718 1243 3774 50
1257 3729 1314 3791 per
1328 3728 1384 3773 ex·

101 3820 318 3903 perimentum.
1472 3888 1478 3897 ,

144 3929 258 4009 Expcr.
278 3934 307 3990 5.
354 3925 452 3989 Globi
472 3937 606 4012 quatuor
627 3926 766 4010 pondere
784 3927 864 4004 1541
884 3949 972 4014 gran.
988 3929 1021 3991 in
1036 3931 1108 3991 abre
1122 3938 1154 3989 et
1169 3929 1231 4007 811
1247 3945 1336 4012 gran.
1351 3923 1385 3986 in
1431 3992 1434 3997 7

103 4035 180 4121 aqua
202 4058 286 4120 saepe
308 4035 443 4113 demissi,
467 4036 620 4101 cadebant
640 4050 781 4120 tempore
803 4035 1189 4115 οεε111111ο1111111881,89,
1207 4037 1384 4115 8914130,

103 4154 134 4203 et
148 4163 372 4228 nonnunquam
388 4152 440 4219 31,
458 4151 498 4208 38
514 4155 546 4207 et
562 4153 613 4220 33,
629 4142 840 4207 describentes
855 4142 1050 4207 altitudinem
1071 4140 1187 4225 pedum
1208 4140 1386 4227 quindecim

104 4262 136 4313 et
150 4250 317 4336 digitorum
333 4252 476 4316 duorum.

149 4359 210 4423 Per
242 4359 395 4424 theoriam
427 4361 540 4425 cadere
569 4361 746 4426 debuerunt
778 4375 917 4446 tempore
947 4361 1175 4426 oscillationum
1205 4368 1247 4426 89
1278 4378 1385 4444 quarn·

103 4467 255 4551 proxime.

145 4581 259 4660 Erpcr.
286 4589 316 4645 6.
363 4578 460 4644 Globi
485 4582 623 4667 quinque
651 4579 792 4665 pondere
822 4581 905 4659 8181
934 4604 1023 4668 gran.
1054 4581 1087 4643 in
1111 4582 1183 4643 abre
1208 4589 1239 4640 et
1264 4579 1323 4656 791
1354 4574 1387 4638 in

104 4686 183 4774 aqui
221 4707 304 4772 saepe
341 4685 478 4766 demissi,
516 4688 670 4754 cadebant
706 4701 847 4772 tempore
883 4688 1112 4751 oscillationum
1150 4692 1200 4758 15,
1234 4685 1304 4763 151,
1336 4690 1387 4759 16,

718 4798 769 4855 Qs
