3322 5738
308 431 369 487 146
631 417 972 484 PHILOSOPHIAE
996 418 1269 484 NATURALIS
1319 416 1598 499 [MonConroa.

310 595 499 680 Exemplum
514 595 665 657 habemus
681 594 712 654 in
729 593 910 676 corporibus
925 594 1117 680 magneticis.
1164 593 1291 656 Horum
1313 593 1411 656 virtus
1434 593 1599 657 attractiva

305 705 490 768 terminatur
505 700 569 763 fere
584 701 616 761 in
632 700 679 761 sui
694 703 818 786 generis
834 702 1016 785 corporibus
1033 702 1092 764 sibi
1106 702 1267 786 proximis.
1313 701 1473 788 Magnetis
1498 702 1598 766 virtus

304 837 360 900 per
375 813 589 895 interpositam
611 811 759 874 laminam
774 811 847 874 ferri
862 813 1066 889 contrahitur,
1089 826 1120 875 et
1135 813 1167 873 in
1182 811 1297 874 lamina
1312 810 1377 874 fere
1399 812 1595 877 terminatur.

305 925 388 989 Nam
403 945 536 1005 corpora
551 922 698 985 ulteriora
712 945 775 985 nou
792 937 855 986 tam
868 946 889 985 a
903 939 1047 1008 magnete
1062 945 1156 1008 quam
1170 946 1189 984 a
1200 921 1314 985 lamiml
1330 920 1505 985 trahuntur.
1540 921 1596 984 Ad

303 1033 437 1097 eundem
453 1033 582 1096 modum
598 1035 624 1095 si
639 1034 801 1116 particulae
816 1033 925 1118 sugant
939 1034 1015 1096 alias
1028 1033 1092 1095 suis
1099 1033 1223 1119 generis
1237 1030 1404 1115 particulas
1420 1030 1479 1093 sibi
1494 1052 1594 1114 prox-

302 1141 389 1217 imas,
413 1143 445 1204 in
461 1143 628 1225 particulas
644 1156 748 1204 autem
764 1142 945 1204 remotiores
968 1143 1113 1204 virtutem
1137 1140 1255 1203 nullam
1277 1152 1454 1217 exerceant,
1478 1161 1517 1202 ex
1531 1139 1593 1202 hu·

296 1249 435 1333 jusmodi
451 1250 611 1332 particulis
627 1264 853 1334 componentur
868 1251 964 1314 fluida
978 1251 1019 1315 de
1035 1252 1148 1336 quibus
1163 1264 1267 1313 actum
1282 1250 1378 1313 estin
1395 1248 1453 1312 hle
1471 1248 1592 1334 Propo-

301 1358 421 1421 sitione.
468 1357 566 1432 Quod
593 1359 617 1421 si
644 1361 805 1443 particulae
835 1362 984 1446 cujusque
1013 1363 1111 1425 virtus
1140 1363 1173 1424 in
1203 1361 1359 1425 infinitum
1387 1373 1589 1446 propagetur,

301 1467 335 1554 (¹)
346 1492 424 1552 orsus
440 1470 498 1532 erit
512 1471 542 1532 vi
558 1471 724 1554 majorim]
740 1471 890 1555 aqualem
904 1473 1180 1536 condensationem
1196 1473 1321 1556 majoris
1330 1471 1510 1555 ‹pucrititatis
1519 1470 1590 1532 flui-

299 1580 340 1643 di.
385 1582 438 1642 An
460 1604 534 1643 vero
556 1582 653 1643 fluida
675 1582 800 1644 clastica
822 1604 861 1644 ex
884 1583 1043 1665 particulis
1059 1606 1091 1646 sc
1110 1568 1219 1646 mutuo
1235 1582 1412 1667 fugantibus
1434 1593 1588 1655 constent,

299 1692 429 1775 ‹rrroestio
443 1691 571 1776 physica
588 1704 643 1754 est.
690 1691 758 1753 Nos
772 1694 994 1775 proprietatem
1017 1694 1183 1756 fluidorum
1200 1715 1240 1756 ex
1255 1691 1405 1776 ejusmodi
1427 1691 1588 1773 particulis

298 1799 506 1861 constantium
522 1797 738 1861 mathematice
754 1798 1044 1878 demonstravimus,
1069 1814 1102 1863 ut
1117 1799 1311 1884 philosophis
1325 1821 1431 1863 arrsmn
1446 1799 1587 1882 praebea-

299 1933 368 1971 mus
384 1911 587 1994 quoestionem
604 1911 687 1972 illam
704 1911 866 1973 tractandi.

329 2106 360 2167 (s)
374 2111 386 2135 ⁰
402 2110 515 2168 (traiceret
526 2111 549 2156 vi
560 2109 649 2168 majori,
661 2108 704 2153 &a
740 2107 796 2153 Non
809 2107 870 2153 enim
887 2124 925 2161 sq.
958 2124 1011 2156 rum
1023 2109 1057 2154 ris
1068 2109 1112 2155 erit
1122 2108 1251 2168 superanda
1261 2124 1313 2169 quae
1325 2110 1363 2153 (er
1379 2106 1458 2168 Hyp.)
1471 2107 1494 2152 in
1507 2105 1582 2152 inlini·

297 2170 346 2216 lum
359 2170 471 2216 vincenda
481 2173 525 2217 erit
536 2188 577 2232 per
587 2170 781 2230 compressionem
796 2172 830 2216 vis
840 2172 925 2217 centri-
957 2182 1010 2220 turn
1021 2183 1167 2236 propagetur.

294 2233 354 2297 suga
364 2234 529 2294 particularum
549 2236 713 2296 proximarum,
731 2232 771 2280 sed
784 2245 807 2282 ct
817 2235 926 2282 minotio·
