3322 5738
82 407 196 475 Lesas
212 406 377 487 Securo]
410 401 650 480 PRINCIPIA
673 402 1044 475 MATHEMATICA.
1305 420 1367 480 158

288 699 571 766 PROPOSITIO
594 698 726 765 XXVI.
770 700 1043 768 THEOREMA
1064 702 1164 767 XXI.

83 902 245 985 Corporum
255 900 541 985 strepentem,
564 896 668 981 quibas
683 897 833 959 resistitur
847 898 880 959 in
895 898 1015 958 ratione
1031 896 1227 972 cruciatam,
1250 899 1368 961 osuua-

448 1007 544 1069 tiones
559 1006 592 1066 in
606 1004 737 1088 cycloide
750 1011 819 1065 ssent
832 1001 1004 1065 isoeltrossre.

123 1201 162 1285 (5)
180 1200 264 1263 Nam
287 1199 314 1262 si
340 1218 471 1281 corpora
495 1195 571 1273 duo,
595 1215 616 1258 a
637 1195 752 1259 centris
778 1195 1019 1279 suspensionum
1041 1194 1202 1281 [equaliter
1223 1196 1369 1261 distantia

80 1308 252 1372 oscillando
267 1307 443 1370 describant
457 1327 549 1369 arcus
572 1305 750 1392 inaequales,
774 1318 806 1369 et
827 1305 1002 1369 velocitates
1025 1306 1057 1368 in
1079 1328 1208 1369 arcuum
1229 1306 1369 1391 partibus

80 1413 395 1497 correspondentibus
417 1412 479 1474 sint
493 1410 532 1474 ad
548 1411 680 1474 invicem
695 1422 730 1475 ut
744 1432 833 1474 arcus
856 1411 930 1487 toti;
954 1412 1136 1475 resistentiae
1157 1410 1369 1475 velocitatibus

79 1519 339 1606 proportionales,
363 1534 455 1583 erunt
475 1520 569 1582 etiam
591 1519 632 1582 ad
653 1519 786 1581 invicem
800 1530 836 1581 ut
850 1519 942 1583 iidem
959 1543 1059 1585 arcus.
1081 1504 1085 1511 ’
1105 1520 1241 1584 Proinde
1257 1522 1283 1583 si
1297 1520 1370 1583 viri·

79 1629 140 1692 bus
154 1627 334 1691 motricibus
350 1650 368 1689 a
382 1626 535 1713 gravitate
550 1625 701 1702 oriundis,
725 1647 795 1709 quae
818 1626 879 1688 sint
901 1639 935 1689 ut
955 1627 1050 1690 iidem
1066 1649 1165 1704 arcus,
1191 1627 1370 1691 auferantur

20 1758 23 1762 ¹
80 1735 130 1798 vel
145 1734 299 1799 addantur
313 1736 363 1800 hae
378 1735 574 1813 resistentiae,
598 1748 690 1799 erunt
710 1734 893 1798 differentiae
915 1735 964 1799 vel
987 1758 1115 1800 summae
1129 1738 1316 1801 adinvicem
1337 1737 1371 1800 in

80 1844 190 1909 eidem
205 1867 333 1908 arcuum
355 1846 492 1910 rationes
517 1866 652 1930 cumque
673 1843 870 1908 velocitatum
891 1844 1082 1911 incrementa
1103 1846 1151 1909 vel
1174 1845 1373 1911 decrementa

80 1952 142 2015 sint
156 1964 190 2016 ut
204 1952 255 2015 hae
270 1951 453 2015 differentiae
468 1951 517 2015 vel
531 1972 672 2028 summae,
688 1951 865 2015 velocitates
877 1972 999 2036 semper
1014 1964 1106 2015 erunt
1127 1965 1162 2015 nt
1183 1973 1274 2015 arcus
1297 1952 1370 2016 toti:

80 2059 175 2146 igitur
190 2058 378 2134 velocitates,
395 2059 421 2121 si
437 2058 499 2122 sint
513 2059 547 2120 in
561 2057 666 2143 aliquo
681 2077 753 2120 casu
768 2069 804 2120 ut
818 2078 908 2120 arcus
924 2058 991 2133 toti,
1007 2058 1179 2121 manebunt
1193 2080 1317 2142 semper
1338 2058 1372 2121 iu

79 2165 190 2229 eidem
205 2166 335 2228 ratione.
382 2163 445 2228 Sed
460 2165 492 2226 in
505 2163 660 2249 principio
674 2176 787 2241 motus,
809 2176 847 2227 ut
861 2184 995 2247 corpora
1015 2162 1167 2247 incipirmt
1181 2161 1372 2227 descendere

79 2286 112 2337 et
126 2293 218 2335 arcus
233 2271 301 2333 illos
321 2271 507 2348 describere,
530 2271 622 2349 vires,
647 2292 720 2335 cum
735 2272 797 2335 sint
812 2271 945 2336 arcubus
965 2269 1223 2356 proportionales,
1240 2292 1367 2357 genera·

79 2379 160 2442 bunt
175 2378 351 2442 velocitates
366 2377 500 2442 arcubus
521 2378 779 2463 proportionales.
825 2379 913 2466 Ergo
936 2379 1113 2443 velocitates
1136 2401 1259 2464 semper
1281 2392 1374 2443 erunt

81 2497 117 2548 ut
142 2506 232 2548 arcus
257 2485 315 2547 toti
344 2484 551 2564 describendi,
581 2496 613 2548 et
636 2498 804 2572 propterea
832 2507 922 2549 arcus
952 2484 998 2549 illi
1026 2485 1118 2550 simul
1148 2486 1372 2553 describentur.

85 2591 126 2667 Q.
143 2615 170 2654 e.
187 2591 216 2655 d.

113 2783 148 2847 (Υ)
162 2788 174 2815 ⁰
188 2788 254 2834 Nom
269 2788 395 2848 sicmmu
408 2790 462 2840 duo,
483 2787 585 2848 exempli
601 2787 672 2836 esuri
689 2788 712 2837 B
746 2790 847 2838 timales.
883 2787 952 2835 Vires
968 2787 1049 2850 igitur,
1069 2797 1093 2836 et
1108 2787 1248 2842 velocitates,
1269 2797 1292 2835 et
1307 2801 1377 2835 srcns

79 2856 104 2894 et
117 2849 147 2901 D.
167 2867 182 2896 c
196 2862 275 2898 eostre
291 2853 448 2912 aspersionis
462 2854 584 2916 aquditer
594 2854 711 2910 durantia,
746 2851 863 2912 descripti,
881 2867 908 2899 sc
925 2853 1022 2912 proinde
1038 2862 1062 2900 et
1077 2867 1145 2899 arcus
1155 2850 1308 2908 describendi,
1325 2866 1376 2898 ms·

80 2914 202 2961 oscillsndo
212 2917 339 2962 describam
356 2931 425 2962 ursus
436 2916 562 2977 inequales
580 2914 634 2970 Bs,
653 2915 679 2963 D
690 2931 711 2974 e,
746 2926 804 2963 nent
822 2931 913 2976 semper
929 2917 954 2962 in
976 2915 1030 2963 deti
1050 2916 1146 2964 ratione.
1182 2917 1263 2971 Quare
1280 2928 1376 2975 corpore

80 2986 101 3022 et
112 2979 235 3026 mbcuates
248 2981 272 3026 s'n
288 2995 392 3026 arcuum
399 2980 507 3040 partibus
518 2982 714 3041 cerresmdenti·
745 2978 795 3027 duo
806 2979 875 3027 simul
887 2980 1025 3043 perveniunt
1041 2979 1070 3027 sd
1087 2990 1202 3041 punctum
1219 2979 1327 3027 infimum
1340 2979 1376 3037 03

79 3041 131 3096 iras,
142 3056 182 3087 seu
195 3041 219 3088 in
232 3057 329 3089 mcuum
343 3042 364 3089 B
376 3057 398 3098 s,
413 3041 646 3104 Dequsdrsnubus,
658 3059 711 3103 per-
744 3054 767 3091 et
783 3043 865 3090 eodem
882 3042 953 3090 modo
963 3038 1082 3104 'probatur
1098 3043 1162 3107 quod
1178 3058 1245 3091 arcus
1257 3043 1277 3091 C
1289 3058 1310 3099 s,
1330 3042 1377 3090 Ca
1442 3102 1445 3107 Ι

81 3105 143 3150 tibus
159 3104 238 3161 tertiis,
258 3106 309 3159 tec..
327 3108 375 3155 sint
390 3109 421 3154 sd
437 3108 536 3155 invicem
547 3117 573 3156 ut
584 3123 654 3155 orcus
670 3109 713 3157 toti
744 3107 816 3154 simul
827 3105 965 3154 describent.

83 3167 143 3222 Bu,
168 3168 192 3213 D
208 3184 235 3216 a:
261 3172 392 3218 resistentia
412 3172 564 3219 edocentibus
583 3175 710 3232 proportio·
777 3173 899 3220 &iulium-
926 3168 1376 3231 Nevtonnsindusbusl’ropositionl-

80 3233 153 3286 noles,
173 3242 242 3281 erant
260 3236 326 3282 etiam
343 3235 486 3282 adinvicem
503 3244 529 3283 ut
546 3237 614 3283 iidern
630 3252 708 3283 arcus.
745 3237 791 3283 bns
802 3234 988 3296 precedentibus
998 3233 1099 3282 ostendit
1115 3233 1242 3295 cycloidem
1259 3249 1308 3280 esse
1324 3248 1377 3280 cur·

83 3297 183 3343 Proinde
193 3299 213 3343 si
221 3298 305 3346 vritur
315 3300 449 3347 muricibus
459 3316 474 3346 o
483 3301 597 3360 muitute
607 3301 711 3348 oriundis
747 3313 802 3346 ssns
813 3299 966 3355 isochronsm,
987 3301 1069 3360 (quesn
1085 3298 1125 3344 elii
1141 3299 1319 3344 tautochronsm
1334 3311 1377 3358 sp·

82 3358 225 3422 (secundum
241 3370 362 3423 tangentes
380 3360 490 3424 cycloidis
505 3362 640 3424 egentibus)
681 3379 712 3411 sa
745 3362 857 3424 pellant)
869 3377 916 3409 non
932 3360 1025 3409 tantbm
1041 3362 1066 3407 in
1085 3360 1163 3408 medio
1182 3374 1230 3407 non
1248 3360 1376 3416 resistente,

80 3426 128 3470 sint
140 3432 166 3471 ut
178 3426 245 3471 iidem
260 3442 329 3474 orcas
348 3426 370 3474 B
383 3442 404 3482 s,
423 3425 449 3474 D
461 3442 481 3484 e,
498 3426 639 3489 osp'mntur
671 3441 713 3473 um
745 3425 787 3474 sed
797 3427 867 3473 etism
879 3426 904 3472 in
915 3424 1095 3486 medioquodin
1106 3424 1194 3472 rstione
1202 3434 1378 3472 momentorum

82 3501 168 3547 corpus
195 3486 322 3545 descendit,
349 3492 383 3538 sel
404 3493 524 3539 adduntur
545 3490 604 3537 dum
630 3506 716 3553 corpus
748 3490 865 3552 temporis
886 3488 1108 3552 etinmedioquod
1120 3488 1209 3536 ratione
1224 3489 1323 3551 simplici
1339 3503 1378 3536 rs·

81 3549 194 3607 escendit,
214 3555 250 3598 tce
268 3556 415 3610 resistentites
435 3564 505 3603 erunt
527 3557 664 3621 dfiermtiae
681 3557 717 3603 uel
748 3553 849 3602 locitstis
865 3554 964 3612 resistit3
985 3568 1066 3601 rerum
1082 3567 1190 3616 queensrn
1207 3554 1237 3601 sit
1252 3567 1323 3600 cures
1337 3551 1379 3599 ilis

81 3630 181 3663 summes
197 3619 335 3665 adinvicem
351 3621 377 3666 iu
392 3616 471 3667 etiem
488 3635 590 3667 arcuum
608 3621 712 3669 mansu
747 3619 899 3666 tsutccbrons
910 3620 934 3665 in
946 3618 1068 3679 hypothesi
1079 3617 1213 3665 resistentie
1230 3616 1378 3664 velocitatem

82 3682 405 3804 tttmtlt‘ttttt'
401 3692 496 3810 {231²
505 3685 549 3795 tt
562 3687 714 3811 litant:
747 3681 1378 3810 ttttrttttlltltttt'tlntffilttt

82 3810 164 3855 restire
176 3810 319 3856 celsissimae
346 3810 396 3870 tt).
413 3812 537 3860 velocitates
547 3827 633 3875 mnper
644 3820 714 3859 erunt
747 3810 889 3858 celeberrimi
897 3811 1054 3858 methemstici
1063 3811 1166 3858 Eulerus
1174 3803 1374 3856 Tomlvmud.

83 3879 110 3919 sst
120 3888 191 3920 ereas
201 3875 242 3920 toti
255 3872 277 3929 B
289 3888 310 3929 s,
324 3813 349 3920 b
361 3890 388 3922 e:
409 3877 480 3936 igitsu
490 3877 622 3932 ulscitotes,
638 3879 715 3924 sirim
749 3874 842 3936 Petrop-
857 3885 880 3922 et
893 3876 961 3921 Tom.
978 3875 1014 3921 ll.
1034 3874 1186 3928 blechsnice,
1199 3885 1289 3917 necnon
1300 3869 1374 3918 cissis.

82 3936 266 4047 mazacam
277 3947 302 3985 ut
314 3955 384 4049 cgeps
393 3941 444 4015 toti,
457 3941 581 4016 monebant
592 3943 719 4053 sepperuipi
751 3937 907 4050 peramplus
918 3938 942 3984 in
955 3938 1119 4048 Mpmppentpp
1133 3936 1282 4045 dead-'igg-
1298 3934 1378 4046 {cig-

82 4014 94 4044 e
222 4017 279 4048 sone.
339 4019 415 4051 esst
472 4013 651 4059 ersmers,
764 4017 840 4050 aarum
874 4007 1059 4048 snssm'r'.
1121 4014 1188 4047 ovam
1271 4014 1319 4061 qus

83 4065 402 4127 corporcincipissstelocis
415 4020 718 4120 Blchdesrsadereetor-
752 4080 788 4112 sss
809 4066 969 4113 teutochronse
990 4063 1015 4110 in
1036 4063 1115 4112 medio
1135 4062 1238 4126 quobbet
1259 4063 1379 4111 resistente

83 4141 125 4175 cus
143 4129 190 4177 illes
207 4128 229 4176 B
246 4145 267 4185 s,
288 4130 312 4177 D
324 4145 338 4176 e
349 4132 482 4185 describere.
503 4127 605 4194 ideique
624 4132 718 4179 ubire·
749 4128 839 4242 ppssint
852 4128 949 4175 inveniri
966 4128 1057 4191 speruit
1075 4128 1107 4176 D.
1124 4127 1238 4177 Fontsino
1253 4126 1280 4175 in
1295 4126 1378 4176 iisdem

85 4189 189 4239 motis
199 4188 265 4242 nnus
275 4203 315 4253 est,
327 4197 386 4245 sires
398 4205 454 4246 sant
464 4197 569 4247 oreatus
579 4197 615 4244 tut
622 4211 718 4259 pemer-
782 4192 915 4242 anamais
924 4191 981 4240 snni
995 4197 1063 4241 1734.
