3322 5738
113 420 225 486 Lrnrrr
242 420 406 499 Saeuum]
445 419 686 487 PRINCIPIA
710 422 1079 491 MATHEMATICA.
1339 435 1398 494 231

112 592 227 668 diatur,
244 604 277 656 et
290 594 410 656 interea
423 594 490 657 axis
505 595 570 677 ejus
582 617 653 658 curn
668 618 728 659 axe
742 618 834 660 cana·

112 699 152 762 lis
167 700 341 763 coincidet:
365 701 540 765 resistentia
555 705 620 786 ejus
635 705 694 766 erit
708 702 749 766 ad
770 702 833 765 vim

114 809 175 892 quii
190 819 275 870 totus
290 810 357 892 ejus
374 823 487 887 motus,
512 834 574 896 quo
596 824 736 895 tempore
757 834 834 897 qua·

113 914 260 999 druplum
284 916 488 1004 longitudinis
514 941 580 981 suoe
604 919 759 997 describit,
784 921 834 983 vel

112 1024 256 1109 generari
280 1025 379 1107 possit
401 1025 449 1088 vel
472 1026 548 1101 tolli,
575 1027 608 1088 in
630 1027 748 1091 ratione
763 1050 834 1113 quae

113 1131 313 1215 componitur
335 1152 375 1193 ex
398 1132 517 1196 ratione
534 1133 562 1195 E
581 1132 642 1217 Fq
663 1133 704 1195 ad
728 1135 835 1223 EFq
864 1164 868 1169 ·

113 1244 189 1320 -ᾗ
209 1240 236 1303 Ρ
252 1239 285 1313 Q
300 1261 320 1324 q
344 1240 450 1316 semel,
478 1230 509 1303 et
530 1241 649 1305 ratione
674 1242 702 1306 E
718 1243 745 1306 F
760 1267 780 1329 q
796 1243 837 1307 ad

115 1347 144 1410 E
162 1347 189 1409 F
204 1369 279 1431 q—
295 1347 323 1411 P
338 1346 371 1422 Q
386 1370 407 1433 q
421 1348 480 1424 bis,
496 1362 528 1412 et
543 1350 663 1412 ratione
677 1350 836 1416 densitatis

114 1452 209 1516 medii
227 1454 267 1517 ad
281 1454 468 1518 densitatem
484 1456 627 1541 cylindri.

160 1563 259 1626 Corol.
275 1572 305 1627 8.
340 1565 455 1628 lisdem
479 1566 598 1650 positis,
622 1579 653 1631 et
668 1569 752 1653 quod
766 1569 836 1633 lon·

113 1669 226 1755 gitudo
241 1670 270 1735 L
286 1671 325 1735 sit
339 1674 379 1737 ad
402 1674 611 1758 quadruplum
635 1675 835 1760 longitudinis

114 1777 245 1862 cylindri
260 1779 293 1841 in
307 1778 427 1842 ratione
442 1802 513 1864 quae
528 1781 725 1862 componitur
735 1802 775 1843 ex
785 1802 820 1843 ra

112 1885 597 1975 tioneEFq-sPQqad
615 1891 830 1977 EFqsemel,

112 2007 144 2058 et
165 1996 284 2059 ratione
300 1995 329 2058 E
345 1996 372 2059 F
387 2018 408 2081 q
423 2033 467 2046 -
482 1997 509 2060 P
525 1997 558 2074 Q
573 2021 594 2083 q
608 1999 648 2061 ad
664 1998 693 2062 E
710 1998 737 2061 F
751 2022 772 2085 q
785 2001 851 2064 bis:
876 2003 923 2086 (ω)
940 2003 1113 2067 resistentia
1135 2005 1268 2089 cylindri
1283 2008 1342 2071 erit
1357 2007 1398 2072 ad

112 2103 176 2165 vim
198 2102 259 2188 qurl
282 2114 366 2166 totus
388 2104 454 2187 ejus
476 2118 590 2182 motus,
617 2106 750 2170 interera
771 2106 847 2171 dum
872 2108 1099 2196 longitudinem
1122 2111 1323 2190 Ldescribit,
1347 2115 1397 2179 vel

58 2299 63 2308 ι
112 2209 180 2272 tolli
194 2209 294 2293 possit
307 2208 356 2272 vel
369 2211 521 2296 generari,
538 2223 573 2276 ut
586 2211 721 2278 densitas
736 2213 832 2279 medii
846 2214 886 2278 ad
901 2214 1084 2280 densitatem
1100 2215 1242 2304 cylindri.

678 2518 831 2582 Scholium.

155 2707 194 2769 In
219 2704 278 2769 haic
311 2707 529 2791 Propositione
552 2710 756 2774 resistentiam
785 2711 1036 2798 investigavimus
1065 2731 1136 2797 quoe
1164 2711 1263 2774 oritur
1286 2731 1304 2772 a
1330 2706 1396 2771 soll

110 2814 324 2900 magnitudine
338 2829 526 2880 transversae
540 2817 684 2881 sectionis
694 2817 837 2904 cylindri,
854 2816 994 2904 neglecti
1010 2817 1193 2880 resistentiae
1214 2828 1303 2900 parte
1325 2835 1396 2900 quoe

110 2921 150 2984 ab
164 2923 345 3010 obliquitate
366 2939 509 2990 motuum
524 2927 598 2989 oriri
612 2929 718 3010 possit.
762 2928 846 2991 Nam
869 2927 1130 3012 quemadmodum
1146 2926 1178 2988 in
1195 2925 1278 2989 Casu
1293 2924 1396 3008 primo

111 3027 337 3111 Propositionis
354 3030 522 3094 XXXVI.
538 3030 704 3115 obliquitas
726 3047 876 3109 motuum,
901 3035 1012 3119 quibus
1026 3047 1130 3117 partes
1146 3053 1235 3118 aquae
1257 3032 1289 3093 in
1312 3052 1393 3107 vase,

110 3134 248 3218 undique
263 3137 493 3222 convergebant
507 3137 540 3199 in
554 3137 693 3201 foramen
709 3138 738 3201 E
754 3139 790 3214 F,
806 3139 965 3223 impedivit
980 3139 1128 3203 effluxum
1143 3160 1232 3223 aquae
1247 3139 1329 3200 illius
1338 3158 1396 3220 per

109 3241 266 3307 foramen:
286 3245 330 3308 sic
345 3247 377 3307 in
392 3245 451 3310 blac
469 3246 695 3330 Propositione,
711 3247 875 3335 obliquitas
890 3262 1041 3325 motuum,
1058 3249 1171 3334 quibus
1186 3261 1289 3330 partes
1305 3262 1395 3328 aquae

109 3351 149 3412 ab
173 3353 328 3416 anteriore
350 3353 482 3438 cylindri
504 3355 637 3418 termino
657 3377 783 3439 pressae,
814 3357 929 3419 cedunt
957 3356 1108 3439 pressioni
1137 3356 1178 3438 (¹³)
1202 3366 1233 3417 et
1257 3351 1395 3436 undiquc

108 3457 284 3545 divergunt,
310 3460 446 3522 retardat
467 3482 575 3523 eorum
602 3462 762 3525 transitum
784 3484 841 3546 per
863 3462 932 3525 loca
953 3463 986 3524 in
1008 3461 1139 3525 circuitu
1163 3460 1286 3523 termini
1312 3458 1393 3521 illius

107 3565 317 3627 antecedentis
340 3581 447 3629 versus
468 3567 654 3650 posteriores
675 3581 780 3652 partes
800 3569 942 3653 cylindri,
970 3568 1122 3654 efficitque
1143 3581 1179 3632 ut
1200 3567 1330 3630 fluidum
1352 3563 1393 3627 ad

106 3673 256 3758 majorem
278 3672 455 3736 distantiam
480 3687 718 3739 commoveatur
734 3687 765 3740 et
787 3677 992 3740 resistentiam
1014 3689 1117 3764 auget,
1144 3678 1182 3760 (⁰)
1199 3676 1292 3760 idque
1307 3675 1340 3735 in
1355 3669 1391 3734 erl

139 3861 181 3926 (¹³)
195 3866 207 3892 ⁶
222 3865 358 3912 Resistents'o
414 3865 419 3877 ’
484 3865 529 3911 erit
539 3866 571 3910 ud
580 3865 634 3912 vim.
671 3863 735 3910 Nam
767 3861 833 3910 reni
842 3865 978 3924 spatiorum,
990 3864 1034 3912 hoc
1045 3873 1087 3920 est,
1104 3864 1128 3911 io
1140 3864 1228 3912 ratione
1238 3859 1392 3925 longitudinis

109 3927 161 3988 (per
175 3927 229 3975 cor.
244 3933 266 3974 2
279 3936 303 3974 et
316 3927 381 3988 Hyp.
407 3927 535 3974 resistemis
550 3926 649 3987 cylindri
659 3935 695 3973 cst
704 3925 735 3972 cd
768 3927 791 3974 L
802 3926 832 3973 sd
842 3927 1000 3989 quadruplum
1012 3927 1165 3990 longitudinis
1176 3926 1280 3987 cylindri.
1311 3928 1391 3980 Qusrs

107 3989 154 4035 rim
165 3990 211 4054 qui
222 4000 286 4039 totus
296 3992 347 4054 ejus
356 4000 442 4047 motus,
490 3989 733 4050 otemporequsdru·
767 3994 807 4054 (er
825 3992 903 4051 quo)
921 3991 1050 4037 resistentis
1068 3990 1166 4051 cylindri
1185 4002 1220 4037 est
1235 3990 1265 4037 sd
1282 3991 1329 4037 vim
1343 3989 1391 4053 qud

108 4050 174 4112 plum
186 4055 337 4117 longitudinis
352 4071 401 4102 sure
417 4070 433 4101 u
452 4055 564 4101 'ormiter
580 4052 687 4099 describit
698 4052 734 4098 vel
766 4063 829 4100 totus
847 4055 898 4115 ejus
912 4063 997 4109 motus,
1017 4053 1162 4100 iuteresdum
1179 4054 1350 4116 longitudinem
1367 4053 1390 4101 L

108 4119 212 4177 generari
223 4120 294 4178 possit
306 4118 342 4165 vel
353 4118 411 4177 tolli,
428 4119 452 4164 ln
464 4118 551 4165 ratione
562 4113 690 4176 compositi
705 4130 734 4162 cx
766 4117 913 4163 uniformiter
922 4116 1030 4164 describit
1041 4117 1091 4164 tolli
1105 4119 1177 4177 possit
1188 4119 1224 4165 rel
1234 4118 1345 4182 generari,
1362 4127 1391 4166 ut

109 4179 198 4226 ratione
207 4181 342 4242 quadrupla
353 4181 506 4245 longitudinis
521 4179 619 4242 cylindri
635 4178 665 4225 sd
681 4179 732 4226 lon·
765 4179 865 4228 densitas
875 4179 985 4227 mediisd
996 4179 1133 4228 densitatem
1144 4182 1249 4244 cylindri.

109 4243 238 4303 gitudinem
252 4245 307 4294 Lat
318 4247 406 4293 ratione
417 4245 536 4292 densitstis
546 4242 617 4290 medii
629 4242 659 4290 sd
675 4242 732 4291 dcu-
810 4283 821 4306 ¹,
855 4288 867 4312 ο
1000 4285 1004 4294 .
1087 4286 1092 4295 ,
1263 4283 1269 4295 ,

110 4306 200 4353 sitstcm
211 4309 317 4368 cylindri,
334 4320 357 4356 et
369 4311 438 4372 (279)
451 4311 486 4356 vis
496 4309 543 4372 qui
554 4318 618 4354 totus
633 4307 732 4368 cylindri
780 4283 833 4395 l.)
892 4284 924 4358 dt
947 4285 1047 4357 '‘wlf“
1068 4286 1194 4358 mmm
1239 4283 1294 4331 Μ’
1316 4283 1387 4343 Pmp'

109 4381 193 4423 motus,
207 4372 349 4419 intercsdum
360 4374 516 4434 quadruplum
524 4371 734 4434 longitudinum
765 4349 788 4396 λ
818 4348 837 4394 ¹·
852 4357 875 4394 ἥ
887 4346 974 4393 M‘H‘
990 4346 1042 4393 hb·
1056 4347 1133 4409 h⁰J¹²⁸¹
1356 4430 1362 4440 ι

109 4432 223 4490 describit,
265 4436 339 4482 ncrsri
350 4436 385 4481 vel
397 4437 446 4483 tolli
457 4438 535 4498 possit,
547 4447 580 4483 est
591 4436 621 4482 ad
632 4434 734 4495 vimqul
799 4432 836 4543 ς’)
851 4438 863 4461 ⁸
877 4435 951 4493 quue
962 4434 988 4479 in
999 4429 1084 4495 edserl
1095 4437 1189 4482 cottona
1226 4431 1389 4505 Eoderneutrn

110 4496 204 4559 idemcj
248 4514 286 4545 ern
297 4498 397 4560 cylindri
406 4512 484 4548 motus
531 4515 546 4546 o
562 4511 666 4559 tempore
681 4498 733 4544 lou·
764 4497 800 4543 ier
824 4495 895 4542 modo
909 4506 987 4542 motus
1002 4497 1090 4557 obliqui
1107 4498 1132 4543 in
1147 4511 1214 4557 squar
1232 4497 1333 4554 partibus
1349 4508 1389 4540 er·

109 4560 241 4622 gitudinem
252 4562 274 4609 1.
286 4561 433 4610 uniformiter
442 4563 514 4610 desen
531 4563 549 4610 it
560 4562 595 4610 vel
607 4561 657 4610 tolli
664 4561 735 4624 possit
766 4561 872 4615 citantur,
889 4559 937 4606 sive
952 4574 1013 4634 squs
1023 4559 1048 4605 in
1060 4559 1157 4620 planum
1171 4558 1251 4605 circuli
1265 4559 1390 4630 immotum

110 4623 146 4670 vel
157 4625 269 4686 generari,
286 4625 311 4672 in
321 4625 412 4673 nume
427 4626 517 4674 inversi
527 4630 670 4688 temponrm,
687 4626 735 4672 sire
766 4624 887 4686 impingat.
904 4622 1060 4670 sivecrrculus
1070 4621 1153 4671 eidem
1163 4636 1218 4670 eum
1230 4621 1349 4670 velocitate
1363 4635 1390 4668 ru

109 4687 734 4754 obamdamuumquscetuiutminnuomtn·
766 4685 1071 4751 equiquiuoeutsssrstur·
