3322 5738
153 433 215 493 154
460 424 813 514 ¹PHILOSOPHIAE
836 423 1108 490 NATURALlS
1162 423 1271 503 [Mor.
1291 422 1454 488 Come

336 699 619 767 PROPOSITIO
643 699 793 764 XXVII.
839 696 1110 762 THEOREMA
1137 698 1255 761 xxtt

153 877 189 943 Si
211 877 385 958 corporibus
395 877 616 959 sunependuiis
637 875 788 937 resistitur
803 874 836 935 ist
851 869 1006 953 dssplicntti
1027 873 1146 933 ratione
1159 874 1357 949 sciscitatum,
1382 879 1449 960 still

183 984 333 1067 sereutiae
354 985 434 1045 inter
447 992 581 1063 tempora
597 983 815 1044 oscillationum
830 982 864 1042 irs
878 981 974 1041 medio
988 981 1143 1042 resistente
1157 1003 1194 1042 nc
1207 991 1342 1062 tempora
1357 987 1447 1047 oscil-

196 1096 341 1156 lationum
353 1095 385 1156 irs
396 1093 521 1175 quem
532 1094 698 1176 gravitatis
706 1092 849 1173 specifice
859 1092 956 1152 medio
967 1112 1027 1151 uon
1038 1093 1201 1164 resistente,
1217 1101 1305 1153 erunt
1316 1093 1447 1157 arcubus

196 1200 359 1263 oscillnudn
373 1200 528 1280 descrsptis
535 1200 780 1281 propertimseles
794 1218 882 1280 psum
893 1195 1041 1279 proximi.

198 1372 236 1455 (⁸)
258 1369 342 1435 Num
365 1371 509 1455 pendulis
534 1371 704 1458 aequnlibus
730 1371 762 1433 in
786 1369 891 1434 medio
920 1370 1081 1433 resistente
1107 1369 1325 1434 descrsbantur
1352 1394 1444 1436 arcus

153 1479 320 1565 inaequales
336 1481 377 1557 A,
395 1480 441 1555 B;
465 1492 498 1543 et
519 1479 693 1543 resistentie
714 1477 854 1562 corporis
873 1478 907 1540 in
928 1499 1003 1540 arcu
1025 1477 1066 1552 A,
1090 1478 1148 1541 erit
1169 1477 1209 1540 ad
1227 1479 1443 1543 resistentium

187 1675 224 1739 (¹)
238 1681 250 1707 ⁸
264 1680 331 1726 Nem
344 1681 453 1740 mutuis
463 1680 591 1739 usualibus
601 1680 626 1726 in
634 1679 706 1725 medie
716 1679 782 1724 resis-
812 1675 854 1737 qui
864 1689 921 1737 ergo
931 1674 1058 1737 equilibus
1069 1675 1211 1734 temporibus
1221 1674 1389 1729 describentur,
1402 1678 1442 1723 sed

153 1748 212 1787 seru
222 1744 379 1790 dsxribnntm
389 1759 460 1791 uresss
470 1744 592 1804 inequales
610 1743 634 1789 A
644 1751 665 1789 et
677 1745 708 1794 Β,
727 1745 739 1770 ⁸
751 1739 782 1786 sd
813 1749 905 1799 tempus
915 1754 963 1800 quo
973 1738 1109 1785 describitur
1119 1739 1443 1802 esculussestT410130
1471 1780 1475 1789 ,

155 1801 282 1861 pleniorem
309 1805 379 1868 hujus
403 1805 603 1852 demonstrationis
629 1804 776 1861 evidentium,
810 1802 1003 1850 siresistentiein
1014 1818 1070 1848 sreu
1081 1804 1110 1859 B,
1120 1802 1188 1849 siseb
1199 1803 1260 1848 sitm
1272 1803 1294 1848 A
1307 1803 1328 1848 Β
1340 1803 1442 1866 idetiqsoe

152 1864 255 1927 dngstur
265 1867 317 1914 illos
327 1884 395 1915 orcus
405 1870 430 1915 in
440 1868 697 1931 totidempsstesqusm
708 1868 777 1914 mini-
809 1865 918 1914 velocitas
928 1866 982 1913 sits
995 1867 1016 1914 B
1027 1892 1060 1904 -
1070 1881 1094 1911 m
1108 1869 1129 1913 A
1144 1867 1166 1913 Β
1183 1877 1276 1926 tempus
1291 1881 1339 1928 quo
1355 1867 1441 1915 desmi-

152 1929 506 1994 mssiutersesrquslesdiridi,
523 1932 622 1995 singule
637 1932 663 1978 in
679 1941 777 1994 utroque
811 1931 1118 1978 betursreusberitetiasn
1131 1931 1153 1977 T
1165 1931 1197 1994 -l-
1211 1947 1234 1977 s.

152 2005 208 2039 srcu
225 2004 294 2042 erunt
312 1997 366 2043 totis
384 1999 484 2044 sreubus
501 1996 682 2056 proportionales
697 1995 776 2043 diesn-
842 1994 905 2042 Cum
921 2003 1001 2041 sutem
1016 1994 1094 2041 reveri
1110 1994 1239 2040 resistente
1258 1994 1326 2040 initio
1342 2010 1410 2041 erens
1425 1999 1442 2042 b

152 2061 328 2118 turquesetb,
346 2060 366 2106 si
382 2060 723 2108 mediumsutnenresisteret
738 2068 780 2107 sut
811 2072 859 2104 non
878 2058 908 2105 sit
925 2058 1021 2105 mAB
1042 2057 1083 2104 sed
1103 2073 1126 2103 m
1140 2059 1162 2104 B
1176 2059 1206 2114 Β,
1225 2058 1245 2103 si
1261 2059 1316 2118 ysit
1332 2074 1441 2106 excessus

153 2120 267 2170 resisteret
277 2123 302 2169 in
310 2123 398 2172 ratione
406 2123 563 2180 seloeitstum,
573 2125 704 2172 velocitates
712 2123 779 2170 initio
811 2121 951 2183 tempusculi
967 2122 992 2168 in
1008 2138 1055 2183 quo
1066 2125 1082 2170 b
1092 2121 1229 2169 describitur
1240 2122 1263 2167 in
1276 2121 1355 2168 medio
1372 2123 1439 2169 resis-

151 2185 316 2244 psrtlculsrum
331 2189 465 2250 qussumsis
480 2188 710 2249 correspondentium
726 2203 740 2235 s
755 2197 780 2235 et
811 2194 875 2233 tente
890 2187 1080 2249 justequsdnts
1096 2186 1243 2233 seloeitntum
1260 2201 1330 2245 suprs
1346 2197 1441 2246 tempus

151 2248 174 2304 b,
192 2248 268 2297 iorem
279 2262 305 2298 ut
315 2267 383 2299 ersus
393 2253 435 2312 ipsi
449 2254 473 2300 A
482 2262 506 2299 et
519 2253 555 2310 Β,
572 2262 596 2299 st
606 2252 631 2298 in
648 2252 726 2298 medio
741 2267 777 2298 re-
810 2264 857 2311 quo
868 2250 930 2297 idem
941 2250 1043 2297 nrmnin
1055 2249 1190 2296 medionon
1208 2251 1328 2297 resistente
1343 2266 1439 2309 percur-

151 2310 244 2360 sistente
254 2313 279 2360 in
290 2316 378 2363 ratione
389 2315 507 2376 duplicati
518 2315 644 2363 velocitatis
660 2315 731 2376 pnulo
741 2315 777 2363 di.
809 2314 876 2372 ritnr,
895 2314 939 2360 etit
957 2323 1049 2374 tempus
1069 2315 1092 2361 T
1103 2315 1135 2378 ÷
1148 2329 1163 2359 ¹
1182 2315 1211 2360 sd
1230 2324 1322 2372 tempus
1342 2315 1366 2360 T
1375 2315 1407 2378 ÷
1423 2331 1439 2376 y

150 2389 214 2424 verse
225 2378 268 2425 erit
278 2381 328 2427 hec
336 2380 483 2427 relocitstum
495 2380 561 2436 sntio,
573 2379 613 2427 sed
624 2389 716 2440 propter
727 2380 777 2426 esi·
809 2378 924 2438 reciproce
934 2378 994 2424 sicut
1005 2377 1112 2425 velocitas
1123 2393 1136 2422 r
1150 2379 1214 2425 Β-
1224 2393 1248 2424 m
1261 2381 1280 2425 A
1293 2379 1376 2438 Bqum
1383 2395 1437 2438 sup-

150 2442 341 2502 gtssmrstionem
348 2445 482 2491 resistentie
491 2443 521 2490 sd
530 2443 681 2499 relocitstem,
689 2443 777 2506 negligi
810 2444 945 2501 ponebatur,
962 2440 992 2488 ed
1002 2442 1145 2488 velocitatem
1158 2459 1170 2487 r
1185 2443 1249 2488 13-
1261 2458 1284 2488 m
1300 2443 1321 2488 Β
1336 2444 1366 2497 Β,
1384 2444 1437 2489 erit„

150 2507 234 2564 poterit
244 2507 294 2553 hec
305 2506 442 2563 differentis,
459 2517 483 2554 et
492 2507 592 2566 supponi
604 2516 678 2567 potest
694 2508 777 2554 veloci-
809 2521 856 2568 que
871 2505 924 2553 ided
940 2521 954 2551 r
968 2506 989 2553 B
1000 2533 1032 2543 -
1043 2521 1067 2552 m
1081 2507 1102 2553 B
1116 2508 1137 2553 B
1149 2505 1203 2552 eds
1218 2507 1237 2553 B
1249 2533 1282 2542 -
1294 2522 1319 2552 m
1333 2509 1354 2551 A
1370 2507 1392 2552 Β
1402 2527 1436 2553 =

149 2575 209 2614 tstes
219 2583 313 2617 munem
324 2571 348 2616 in
360 2571 447 2618 retione
458 2586 555 2618 nouum
572 2586 642 2632 quom
658 2569 777 2630 proxime5
811 2567 834 2615 Τ
845 2571 877 2634 ÷
891 2585 913 2626 x,
926 2569 955 2617 sd
969 2569 991 2616 T
1001 2570 1033 2633 ÷
1044 2586 1066 2630 y,
1084 2585 1138 2617 eum
1150 2585 1205 2631 ergo
1228 2569 1352 2618 subtractio
1363 2585 1435 2632 qusn-

149 2631 212 2692 quod
232 2633 250 2678 si
270 2632 302 2679 lte
322 2645 467 2694 supponetur
485 2637 611 2682 resistentie
631 2638 731 2696 corporis
751 2638 778 2684 in
810 2633 902 2681 tiresum
915 2649 939 2679 m
953 2634 974 2680 B
990 2634 1018 2690 B,
1036 2650 1060 2679 m
1074 2636 1096 2681 A
1110 2635 1131 2681 B
1148 2650 1175 2681 et
1189 2635 1306 2680 velocitate
1323 2650 1337 2676 s
1351 2634 1373 2680 Β
1385 2650 1438 2694 pro-

149 2695 231 2756 quovis
238 2707 402 2756 pruncteercus
412 2702 434 2745 A
442 2701 483 2746 erit
494 2702 525 2745 od
536 2701 688 2745 resistentiam
699 2715 778 2760 cespo-
810 2696 880 2744 ducet
898 2712 1004 2743 excessus
1019 2713 1034 2743 x
1046 2709 1069 2744 et
1079 2714 1094 2759 y
1110 2713 1179 2756 supra
1195 2709 1286 2756 tempus
1299 2699 1328 2752 Τ,
1346 2709 1437 2758 oportet

148 2762 779 2884 :Atttt‘'ttttt‘2tti¹⁰sltttttttzitt
811 2761 1256 2886 iiil’uiiiiissinmmBi‘tlli„
1269 2763 1436 2873 itm

149 2900 231 2933 sorum
242 2903 347 2945 srcuurn,
368 2889 393 2935 id
408 2899 442 2935 est
458 2898 486 2936 ut
502 2893 615 2952 quadrato
626 2893 728 2952 ipsorum
738 2908 777 2938 nr.
812 2890 835 2936 A
847 2888 876 2936 sd
891 2890 920 2943 B,
932 2904 988 2950 ergo
1001 2891 1023 2936 A
1032 2899 1067 2936 est
1076 2890 1106 2936 ed
1120 2891 1148 2946 B,
1161 2890 1220 2936 sicut
1231 2899 1287 2936 rest
1299 2889 1327 2935 sd
1335 2905 1358 2949 5,
1371 2888 1436 2938 ided-

149 2965 222 2998 cuum
233 2954 257 2999 A
268 2954 292 2999 A
301 2961 322 2999 et
335 2957 359 3001 B
370 2955 394 3000 B
404 2971 475 3016 quem
488 2952 597 3015 pessimi.
634 2953 778 3017 Designetur
809 2968 856 3016 que
866 2968 972 3001 excessus
983 2967 997 2998 x
1009 2957 1119 3014 temporis
1129 2969 1196 3000 erens
1210 2957 1229 2999 A
1244 2954 1268 2999 in
1280 2954 1358 3000 medio
1368 2954 1434 3001 resis-

148 3027 203 3061 vero
221 3015 328 3062 velocitas
347 3016 414 3063 initio
430 3033 497 3064 meus
513 3032 527 3064 s
543 3032 608 3078 pers
622 3019 653 3074 A,
671 3028 694 3065 et
710 3016 776 3066 initio
808 3027 872 3065 teute
883 3018 907 3063 in
918 3016 1037 3076 duplicstis
1053 3018 1140 3064 ratione
1157 3017 1282 3064 velocitatis
1292 3033 1364 3076 supra
1375 3029 1434 3064 tem-

148 3091 216 3124 srcus
231 3082 319 3140 bpers
333 3080 363 3128 B.
400 3081 544 3144 Designetur
562 3096 630 3141 porro
649 3081 776 3132 resistentis
808 3097 853 3142 pus
869 3082 893 3128 in
909 3081 991 3129 eodem
1009 3098 1064 3129 srcu
1078 3083 1137 3128 Ain
1149 3081 1226 3128 medio
1242 3097 1289 3127 non
1308 3082 1433 3139 resistente,

148 3139 216 3189 initio
234 3158 327 3192 ucuss
342 3160 384 3205 per
399 3160 423 3191 m
437 3148 458 3194 A
474 3148 506 3204 A,
526 3156 550 3193 et
565 3145 692 3193 resistentis
708 3146 775 3194 initio
807 3155 842 3193 est
852 3146 882 3193 sd
893 3160 1011 3193 excessum
1028 3162 1043 3206 y
1060 3145 1168 3206 temporis
1186 3161 1253 3192 meus
1272 3147 1293 3192 Β
1310 3145 1335 3191 in
1351 3146 1434 3192 eodem

148 3219 216 3254 ersus
233 3210 249 3255 b
268 3223 309 3267 per
324 3224 349 3256 m
362 3209 384 3256 Β
398 3196 434 3268 Β;
454 3209 479 3256 in
495 3209 573 3257 medio
591 3224 639 3257 non
657 3209 776 3259 resistente
808 3209 886 3257 medio
901 3225 971 3270 suprs
986 3219 1078 3270 tempus
1089 3211 1113 3256 in
1124 3209 1206 3257 eodem
1216 3225 1272 3256 srcu
1287 3210 1310 3256 B
1320 3211 1345 3255 in
1356 3211 1434 3257 medio

147 3271 293 3331 tempusculs
313 3273 399 3335 quibus
419 3273 454 3321 sin
490 3274 519 3320 1oe
541 3273 660 3334 particule
679 3290 693 3322 s
714 3285 738 3322 et
759 3277 775 3323 b
808 3275 990 3326 nonresistente.
1003 3285 1030 3320 ut
1041 3289 1108 3321 arcus
1120 3275 1143 3321 A
1155 3273 1185 3321 nd
1196 3289 1275 3320 srcum
1291 3275 1320 3330 Β,
1332 3290 1433 3337 eumque

147 3331 306 3383 describemus
315 3345 384 3385 erunt
395 3353 446 3400 equ
472 3338 478 3349 '
514 3341 567 3402 (per
579 3337 649 3399 Prop.
665 3338 701 3385 ΙΙ.
717 3339 771 3387 Lib.
806 3337 869 3384 idem
890 3339 1036 3386 ratiocinium
1057 3339 1082 3384 in
1105 3338 1213 3385 omnibus
1231 3340 1333 3384 ortubus
1350 3353 1432 3400 quem-

148 3395 186 3456 1.)
197 3398 348 3462 designentur
359 3400 413 3449 verd
424 3417 464 3462 per
476 3403 498 3450 T
505 3420 513 3460 ;
529 3417 585 3450 cum
597 3417 653 3465 ergo
663 3402 688 3449 in
696 3403 775 3451 medio
806 3402 910 3449 minimis
919 3418 934 3450 s
943 3412 968 3449 et
977 3406 993 3451 b
1003 3403 1101 3449 instituti
1114 3403 1192 3462 possit,
1209 3417 1308 3448 summm
1324 3403 1432 3449 omnium

146 3461 363 3525 resistentepropter
371 3464 515 3514 velocitatem
523 3466 671 3513 imminutum
680 3465 774 3530 longius
806 3480 942 3513 excessuum
960 3467 1158 3526 tempusculorum
1176 3467 1200 3512 in
1218 3481 1272 3513 ertu
1292 3469 1324 3523 A,
1344 3466 1388 3512 erit
1403 3465 1432 3512 sd

147 3523 189 3573 tet
199 3536 291 3588 tempus
301 3529 325 3574 in
338 3527 428 3576 inversi
444 3531 533 3578 rstione
549 3530 698 3578 relocitstum
714 3542 742 3578 ut
757 3547 773 3579 x
805 3545 922 3577 summsm
932 3531 1038 3578 omnium
1050 3544 1185 3577 excessuum
1197 3531 1397 3591 tempuseulornm
1408 3530 1433 3575 in

146 3603 254 3638 umus
267 3591 307 3638 ille
323 3594 462 3652 tempusculi
478 3609 603 3657 quosrcus
613 3610 627 3640 s
637 3593 774 3643 describitur
805 3609 861 3641 srcu
874 3595 895 3642 B
908 3606 935 3641 ut
944 3592 970 3642 'A
981 3595 1011 3641 sd
1023 3596 1052 3642 B.
1086 3596 1117 3650 Q,
1132 3611 1151 3641 e.
1166 3593 1188 3641 d.

145 3651 172 3702 ln
182 3655 260 3703 medio
271 3655 389 3703 resistente
397 3673 467 3717 supra
474 3656 647 3717 tempusculum
655 3674 702 3720 quo
710 3658 773 3706 idem
838 3661 852 3688 ⁰
867 3658 939 3714 Quod
947 3673 1053 3706 excessus
1062 3673 1076 3704 x
1085 3670 1107 3706 et
1115 3675 1129 3720 y
1137 3660 1335 3719 tempusculornm
1346 3660 1433 3720 quibus

145 3731 214 3768 ersus
224 3719 249 3766 in
260 3719 338 3767 medio
349 3735 396 3766 non
413 3723 531 3769 resistente
547 3722 688 3781 percurritur
703 3723 772 3770 hebo-
805 3719 967 3769 describuntur
983 3738 1051 3770 srctu
1066 3738 1080 3768 s
1096 3734 1119 3770 et
1135 3725 1157 3778 b,
1178 3722 1202 3768 in
1219 3723 1296 3770 medio
1311 3723 1433 3769 resistente

145 3780 483 3847 biturqueeshypotbesibuss
495 3788 589 3833 A-m
600 3788 622 3831 A
632 3786 670 3833 A:
684 3787 773 3834 sA=
801 3785 870 3848 juxte
891 3787 1004 3833 udonem
1021 3787 1163 3846 depilatum
1180 3787 1334 3841 relociutum,
1359 3801 1433 3845 supro

147 3847 184 3895 Tr
196 3849 218 3896 T
230 3849 262 3914 ψ
276 3863 298 3896 r.
806 3861 898 3910 tempus
913 3866 961 3913 quo
976 3851 1158 3898 describerentur
1175 3851 1199 3898 in
1217 3851 1294 3898 medio
1304 3865 1351 3896 non
1362 3851 1430 3898 resis-

179 3911 213 3960 Ut
228 3913 361 3962 invenietur
379 3912 438 3963 rstio
454 3916 524 3978 hujus
543 3930 651 3962 excessus
660 3929 675 3960 x
686 3914 717 3961 sd
732 3929 773 3962 ex.
805 3922 868 3962 tente
879 3915 924 3962 sint
935 3925 963 3963 ut
975 3918 997 3963 A
1009 3925 1033 3962 et
1044 3917 1073 3971 Β,
1081 3931 1107 3962 es
1117 3916 1227 3976 superiori
1235 3914 1433 3961 demonstretione

145 3989 236 4023 cessum
244 3977 656 4042 tempusculiquosreusdescribitur
663 3978 688 4025 in
695 3979 773 4027 medio
804 3977 852 4026 elio
870 3979 940 4026 modo
956 3981 1007 4027 ensi
1023 3989 1103 4041 potest.
1141 3980 1203 4027 Nem
1215 3979 1432 4041 manentibusque

145 4037 264 4087 umento
275 4042 406 4090 secundum
422 4045 498 4107 legem
511 4043 653 4104 duplicatum
664 4042 771 4092 relocits-
803 4041 852 4090 illic
862 4059 1013 4105 posueramus
1023 4053 1064 4092 est.

145 4099 183 4157 tis,
203 4118 272 4162 supra
287 4107 459 4167 tempusculum
472 4109 501 4164 T,
520 4123 567 4171 quo
585 4107 649 4154 idem
664 4123 731 4155 meus
746 4107 772 4154 in
835 4122 850 4152 v
863 4111 886 4154 A
898 4124 965 4154 -m
978 4110 1002 4156 A
1016 4111 1038 4156 A
1051 4128 1057 4155 ι
1072 4123 1086 4153 r
1099 4110 1120 4156 A
1133 4108 1213 4155 =T:
1227 4107 1434 4172 T†xestctism

145 4163 224 4212 medio
243 4181 290 4215 non
312 4170 430 4218 resistente
451 4173 606 4233 percurritur3
628 4182 773 4233 supponetur
804 4170 874 4219 simili
885 4173 974 4220 ratione
985 4188 999 4218 r
1012 4174 1105 4220 B-m
1117 4172 1138 4219 B
1150 4173 1186 4219 B:
1197 4187 1210 4217 s
1222 4173 1285 4220 B=
1296 4173 1333 4221 T:
1344 4173 1367 4219 T
1375 4171 1433 4236 ψ]

145 4242 226 4275 neum
239 4231 260 4277 B
272 4233 296 4278 in
308 4233 348 4278 teli
365 4235 442 4281 medio
458 4236 554 4282 describi
567 4247 593 4283 ut
604 4235 731 4283 resistemis
747 4237 772 4282 in
805 4245 829 4283 et
839 4227 964 4284 disidindo
975 4237 1000 4282 in
1012 4246 1110 4299 utruque
1122 4237 1268 4297 proportione
1279 4237 1305 4283 dt

145 4292 773 4361 punctisssrctlsA,sitsdresistentisminpunctis
899 4301 1362 4348 sA-mAAzmAA=T:¹

145 4358 770 4421 oomsspondentdsusbsrcdsss,sicutAestsdB,
899 4365 1374 4426 rB-mBB2mBB=T:y.

145 4419 245 4484 ideoque
255 4422 316 4469 sicut
326 4422 458 4471 relocitstes
473 4425 540 4472 initio
555 4442 652 4473 menum
668 4427 770 4484 illorum,
806 4427 852 4475 ded
874 4431 905 4475 ob
926 4428 1077 4490 eriguitstem
1096 4429 1230 4477 resistentie
1252 4430 1380 4476 seloeitstis
1397 4445 1434 4477 re-

144 4485 193 4534 dte
212 4501 266 4532 cunt
283 4487 410 4534 mistentis
426 4488 586 4537 inssith
601 4495 623 4536 A
645 4492 773 4539 resistentis
804 4501 885 4552 spectu
904 4491 991 4538 snumi
1009 4504 1084 4552 potest
1102 4510 1116 4539 r
1130 4496 1228 4540 A-m
1243 4496 1264 4540 A
1280 4496 1301 4541 A
1319 4509 1388 4554 pros
1403 4496 1433 4549 A,

143 4549 403 4614 lubingstusessem
418 4553 440 4598 A
455 4553 485 4609 Β,
502 4551 556 4600 edm
570 4555 773 4617 ergoresistentin
804 4565 829 4604 et
846 4571 861 4601 s
879 4556 1014 4603 B-mB
1034 4557 1055 4603 B
1074 4573 1117 4619 pro
1135 4574 1148 4605 s
1166 4559 1196 4615 B,
1220 4558 1284 4605 unde
1305 4569 1340 4605 est
1362 4574 1434 4622 quem

144 4614 191 4662 sint
217 4615 242 4662 in
269 4614 318 4678 lpsd
345 4616 434 4664 muoso
461 4616 616 4674 relecturum.
641 4619 773 4668 velocitstes
804 4619 909 4682 prmimt

144 4677 771 4741 denpttmtsentiumnstrunstnetdnnttone,
899 4684 1210 4734 sAsmAA=T=x

144 4740 771 4808 lurnttontnempsssenumdescnbendorumsetb,
901 4749 1435 4813 sB2mBB=T2yetredueendopri
