3322 5738
189 459 251 517 194
508 449 848 517 PHILOSOPHIAE
871 450 1141 516 NATURALIS
1199 449 1310 528 [Mor.
1321 449 1483 515 Coenon.

189 622 247 687 Est
262 623 344 686 enim
359 621 468 687 eadam
483 623 563 686 ratio
576 623 711 706 partium
732 623 886 706 majorum
908 623 1080 707 systematis
1107 617 1266 708 utriusque
1287 636 1382 708 atque
1404 645 1484 706 par·

186 732 360 795 ticularum.

232 839 331 902 Coral.
346 845 376 900 2.
423 836 466 899 Et
494 834 609 899 similes
637 847 669 898 et
696 834 837 898 similiter
864 834 975 918 posita
1003 845 1204 919 systematum
1232 848 1336 918 partes
1361 857 1484 900 omnes

186 945 345 1030 quiescant
358 943 440 1006 iuter
453 963 504 1005 se:
528 953 560 1005 et
573 962 679 1005 aarum
694 941 777 1016 duae,
792 960 865 1025 quar
878 940 998 1003 caeteris
1012 941 1144 1023 majores
1159 941 1230 1015 sint,
1246 953 1278 1003 et
1291 941 1352 1004 sibi
1363 956 1484 1004 mutuo

185 1050 219 1112 itt
242 1063 374 1134 utroque
403 1059 569 1133 systemate
598 1047 870 1129 correspondeaut,
900 1045 1073 1109 secuudum
1097 1045 1195 1108 lineas
1224 1045 1366 1110 similiter
1399 1048 1483 1112 sitas

185 1154 277 1218 simili
293 1177 364 1218 cum
380 1168 466 1216 motu
482 1166 649 1236 utcumque
663 1153 780 1215 moveri
795 1153 961 1236 incipiantt
983 1151 1035 1214 hae
1050 1152 1165 1216 similes
1179 1153 1211 1215 in
1227 1154 1354 1239 reliquis
1375 1170 1485 1241 syste-

185 1276 304 1326 matum
318 1261 459 1344 partibus
474 1259 656 1322 excitabunt
669 1273 782 1335 motus,
798 1269 831 1320 et
844 1269 976 1344 pergent
989 1259 1071 1321 inter
1085 1258 1168 1340 ipsas
1183 1261 1382 1342 temporibus
1401 1284 1483 1344 pro-

186 1367 410 1453 portionalibus
426 1365 567 1428 similiter
587 1365 722 1440 moveri3
746 1377 839 1450 atque
860 1362 932 1427 ideb
954 1363 1052 1448 spatia
1073 1363 1230 1428 diametris
1252 1366 1315 1428 suis
1337 1387 1484 1451 propor-

187 1480 313 1544 tionalia
327 1478 513 1543 describere.

348 1731 631 1799 PROPOSITIO
654 1731 825 1796 XXXIII.
870 1730 1141 1797 THEOREMA
1164 1731 1313 1796 XXVII.

184 1909 295 1972 Iisdem
314 1909 435 1989 positis,
460 1908 528 1968 dico
548 1907 628 1988 quod
647 1915 833 1989 symmacum
841 1913 949 1986 partes
963 1903 1089 1986 majores
1100 1906 1279 1966 resistenter
1294 1906 1328 1965 in
1352 1907 1484 1968 ratione

228 2016 389 2098 compositd
407 2039 445 2078 ea
463 2013 620 2096 dttplt‘catd
641 2016 761 2076 ratimte
786 2015 972 2077 uelocitatem
998 2036 1117 2077 suarum
1131 2024 1160 2076 et
1174 2013 1331 2096 duplicatd
1353 2018 1485 2078 ratione

227 2128 439 2188 diametrorum
453 2134 482 2187 et
496 2126 617 2186 ratione
630 2125 789 2187 densitatis
798 2123 934 2204 partium
950 2131 1146 2205 systematum.

228 2318 312 2382 Nam
337 2316 511 2380 resistentia
533 2316 632 2378 oritur
657 2315 770 2399 partim
795 2336 836 2378 ex
859 2314 975 2378 viribus
1002 2314 1179 2397 centripetis
1208 2315 1257 2377 vel
1288 2312 1482 2402 centrifugis

184 2426 296 2512 quibus
310 2425 473 2509 particulae
494 2436 697 2508 systematum
718 2444 751 2486 se
772 2434 882 2485 mutuo
903 2422 1031 2508 agitant,
1055 2422 1168 2505 partim
1183 2441 1224 2483 ex
1240 2421 1426 2484 occursibus
1449 2435 1483 2484 et

183 2529 403 2595 reflexionibus
425 2529 646 2613 particularum
669 2540 702 2592 et
722 2529 857 2613 partium
873 2530 1035 2612 majorum.
1081 2529 1200 2592 Prioris
1221 2541 1326 2592 autem
1347 2530 1481 2616 generis

184 2636 366 2699 resistentiae
391 2634 525 2697 suntad
552 2635 683 2697 iuticam
705 2647 740 2698 ut
766 2635 845 2697 vires
871 2648 945 2698 totae
971 2636 1115 2699 motrices
1139 2636 1291 2720 aquibus
1317 2639 1480 2713 oriuntur,

184 2743 223 2827 (¹)
241 2742 273 2806 id
288 2754 345 2818 est,
369 2754 405 2805 ut
419 2742 498 2804 vires
513 2755 588 2804 totae
602 2740 832 2805 acceleratrices
855 2754 887 2804 et
908 2742 1094 2825 quantitates
1116 2742 1254 2805 materiae
1276 2742 1311 2803 in
1332 2743 1481 2825 partibus

184 2847 515 2931 correspondentibus3
548 2848 609 2911 hoc
634 2860 682 2911 est
706 2854 776 2932 (per
801 2848 1013 2934 Hypothesin)
1039 2865 1074 2914 ut
1098 2850 1249 2935 quadrata
1272 2850 1481 2916 velocitatum

184 2953 301 3016 directe
316 2964 348 3016 et
362 2953 516 3016 distantiae
531 2955 754 3038 particularum
775 2957 1085 3040 correspondentium
1100 2956 1220 3020 inversd
1236 2970 1268 3020 et
1282 2959 1481 3042 quantitates

184 3059 322 3123 materiae
344 3059 376 3121 in
400 3059 541 3142 partibus
567 3061 881 3145 correspondentibus
905 3062 1038 3126 directis:
1069 3063 1201 3148 idetique
1222 3085 1293 3126 cum
1316 3063 1481 3128 distantiae

183 3168 405 3252 particularum
427 3171 600 3254 systematis
615 3171 707 3233 unius
722 3171 784 3234 sint
798 3170 839 3234 ad
853 3171 1014 3235 distantias
1036 3154 1315 3254 correspondentes
1337 3174 1480 3254 particu-

183 3274 283 3341 larunt
305 3275 440 3352 alterius,
469 3288 503 3339 ut
524 3275 675 3340 diameter
694 3277 856 3360 particulae
878 3278 926 3340 vel
948 3277 1044 3361 partis
1066 3279 1099 3339 in
1120 3290 1285 3362 systemate
1304 3278 1413 3361 priore
1435 3279 1480 3342 ad

183 3382 367 3445 diametrum
381 3382 543 3465 particulae
557 3382 606 3445 vel
618 3383 714 3466 partis
729 3383 1001 3467 correspondentis
1016 3383 1046 3444 in
1063 3383 1170 3459 altero,
1188 3384 1226 3466 (⁸)
1236 3393 1268 3444 et
1283 3384 1478 3468 quantitates

184 3491 321 3555 materias
336 3491 397 3553 sint
411 3505 445 3554 ut
459 3489 628 3553 densitates
643 3491 777 3574 partium
792 3504 824 3554 et
838 3492 910 3555 cubi
932 3490 1171 3565 diametrorum
1194 3490 1382 3554 resistentias
1404 3507 1477 3558 sunt

183 3601 224 3664 ad
239 3602 369 3665 invicem
384 3613 419 3664 ut
432 3600 584 3685 quadrata
597 3600 794 3665 velocitatum
809 3616 840 3665 et
855 3600 1006 3686 quadrata
1019 3600 1241 3662 diametrorum
1256 3611 1288 3662 et
1303 3600 1476 3665 densitates

182 3710 318 3794 partium
340 3719 550 3794 systematum.
596 3707 638 3784 Q.
655 3731 682 3772 e.
698 3708 731 3772 d.
777 3708 816 3794 (¹³)
842 3708 1026 3775 Posterioris
1047 3709 1170 3796 generis
1192 3709 1379 3774 resistentia
1402 3723 1478 3774 sunt

216 3902 810 3968 (¹5⁶1destmsmmsosaaccetemtrt'aesetqqm-
842 3898 913 3954 undd,
924 3899 1054 3961 conjunctis
1069 3897 1105 3944 his
1121 3898 1255 3954 rationibus,
1272 3897 1412 3947 resisteuffi
1422 3914 1477 3962 qun

184 3968 258 4012 titum
269 3971 372 4014 materia
384 3969 437 4028 (per
450 3964 506 4012 Des.
520 3970 542 4012 8.
558 3964 611 4012 Lib
627 3963 671 4023 I.).
842 3977 871 4010 ea
882 3962 1047 4022 particularum
1058 3973 1081 4009 et
1091 3962 1192 4021 partium
1203 3962 1321 4024 majorum
1337 3965 1476 4010 noemma

216 4028 254 4090 (²)
267 4033 279 4059 '
293 4031 652 4093 thaamttatesmasertaesim
664 4028 707 4074 dre.
728 4028 811 4082 Quan-
843 4036 867 4073 et
885 4025 1047 4087 reflexionibus
1065 4026 1179 4081 oriuntur,
1202 4035 1258 4071 suut
1278 4041 1373 4086 semper
1393 4037 1421 4073 ut
1439 4042 1475 4073 re

184 4088 260 4136 titatea
278 4094 380 4139 materia
398 4104 453 4140 aunt
472 4103 499 4139 ut
514 4092 639 4139 deitatates
654 4101 678 4138 at
693 4090 812 4137 volumius
843 4089 970 4136 dexionnm
981 4087 1210 4148 correspondentiam
1218 4089 1476 4140 nnmerietsiseseon-

184 4153 285 4212 partium
297 4157 438 4217 conjunctim
452 4159 485 4218 (t.
502 4156 555 4202 Lib.
571 4156 615 4215 I.)‚
632 4154 810 4214 etobpartium
839 4153 948 4215 junctius.
985 4153 1085 4199 Numeri
1105 4162 1183 4198 sutem
1203 4151 1368 4209 reflexionem,
1386 4154 1476 4200 caeteris

184 4214 370 4273 slmilitudinem,
390 4219 510 4266 solumina
525 4228 581 4265 sunt
598 4228 624 4265 ut
640 4219 695 4264 cubi
712 4219 811 4264 laterum
841 4217 942 4277 paribus,
963 4226 1016 4262 sunt
1033 4217 1064 4263 ad
1079 4216 1178 4262 invicem
1189 4226 1216 4261 ut
1224 4215 1360 4262 velocitates
1371 4218 1473 4276 partium

184 4277 369 4338 botnologorum.
386 4281 611 4337 aaudiatnetrorum,
628 4280 811 4342 idedquequau-
843 4280 1070 4340 oonespondentium
1092 4278 1185 4335 trimae,
1208 4288 1238 4334 et,
1261 4280 1352 4325 casteria
1372 4282 1475 4340 pasilxm

184 4342 261 4389 ritate!
272 4342 375 4387 materia·
385 4354 441 4390 sunt
448 4354 475 4390 ut
486 4347 609 4392 densitates
619 4345 720 4405 partium
727 4354 750 4390 et
757 4345 811 4391 cubi
843 4354 898 4391 sum
909 4342 998 4390 insend
1008 4353 1036 4390 ut
1046 4343 1120 4403 spatis
1130 4343 1191 4388 iuter
1202 4342 1372 4403 panicularum
1390 4354 1415 4391 et
1424 4357 1474 4405 par·

183 4405 358 4453 diametrorum.
843 4408 903 4454 tium
918 4405 1146 4466 correspondentiam
1162 4420 1272 4452 oocursus
1282 4421 1325 4452 seu
1336 4407 1474 4455 nllsaiaoas

211 4469 268 4532 (⁶)·
280 4470 697 4529 Poanamgmraminmttaemc.
717 4471 812 4518 S'tenim
844 4471 976 4530 Intercepta,
993 4470 1071 4525 idest,
1087 4469 1473 4532 lusersdutpattiumcarsaspaa-

181 4532 244 4579 sires
253 4529 405 4578 reflexionum
422 4534 810 4596 supponanturtsqualffiresistsn-
842 4533 948 4582 dentium
967 4533 1079 4588 diametri,
1100 4531 1199 4594 idedqus
1214 4537 1308 4581 numeri
1324 4539 1473 4598 restanus·

182 4596 224 4643 tie
234 4604 291 4643 sunt
301 4605 328 4641 ut
339 4595 430 4640 numeri
442 4595 594 4645 rellestonum
604 4614 646 4645 sett
657 4612 809 4654 occursuum;
842 4608 897 4646 sam
907 4602 938 4645 ad
948 4601 1046 4646 inuicem
1057 4607 1084 4646 stt
1094 4600 1219 4645 celeritates
1227 4601 1332 4659 ymrtt'ass
1342 4607 1475 4661 correspau²

182 4659 241 4706 esd
259 4659 351 4706 uumen'
362 4657 515 4706 mllmIooum
531 4671 659 4724 aquetttur,
676 4661 812 4709 redstemia
843 4665 948 4714 daritim
962 4661 1044 4709 direct)
1063 4671 1086 4709 et
1101 4661 1237 4708 eammdam
1252 4659 1366 4708 dimetri
1377 4659 1472 4709 invasa

182 4735 238 4770 stant
260 4732 288 4770 ut
308 4723 367 4770 sires
388 4721 542 4772 ammaum
562 4725 811 4787 correspondentiam
844 4727 878 4775 Iit
894 4730 951 4775 st'res
965 4728 1114 4789 reflexionem
1125 4733 1181 4774 sast
1195 4735 1223 4774 st
1239 4724 1320 4772 mattis
1334 4728 1477 4790 qam
