3322 5738
194 433 308 498 Lrnna
324 433 487 516 Securum]
531 433 770 500 PnrNCIPm
800 435 1171 505 MATHEMATICA.
1410 451 1470 508 961

194 606 270 669 bant
285 604 398 669 tabulae
413 626 510 688 prope
525 604 664 668 medium
679 607 754 691 ejus,
771 619 802 671 et
815 606 911 692 paulb
925 607 1050 694 quidem
1064 611 1226 694 propiores
1241 629 1329 678 erant
1343 613 1394 676 axi
1408 612 1475 696 ejus

193 735 287 798 quam
301 709 435 794 pessulo.
482 709 524 773 Et
538 710 612 773 hinc
625 726 767 795 tempora
780 713 911 776 cadendi
925 727 1092 800 prorogata
1101 714 1226 780 fuerunt
1235 718 1360 781 minutis
1375 717 1474 782 tertiis

192 817 365 881 octodecim
380 814 511 892 circiter,
534 817 642 900 etjam
656 817 770 902 corrigi
785 818 901 882 debent
915 818 1109 882 detrahendo
1122 820 1176 884 illa
1189 822 1317 898 minuta,
1340 843 1472 906 proeser·

192 927 248 990 tim
264 925 296 986 in
310 923 411 1010 globis
433 922 601 1007 majoribus
616 924 669 1009 qui
685 924 799 987 tabulae
813 924 988 990 devolventi
1002 928 1098 1011 paulo
1114 927 1230 992 diutius
1252 931 1474 995 incumbebant

192 1045 320 1118 proptor
334 1031 580 1118 magnitudinem
602 1031 832 1096 diametrorum.
878 1033 952 1108 Quo
973 1032 1055 1097 facto
1076 1047 1228 1118 ternpore,
1254 1035 1365 1121 quibus
1387 1037 1473 1122 globi

191 1164 247 1206 sex
262 1142 394 1226 majores
409 1139 557 1217 cecidere,
582 1138 711 1203 evadent
734 1141 773 1204 8“
790 1142 869 1218 12¹⁶,
887 1142 925 1207 'l''
940 1143 1020 1218 49’”,
1038 1143 1077 1207 7”
1091 1144 1171 1218 49”’,
1188 1145 1226 1210 7”
1242 1143 1321 1219 57”’,
1337 1145 1376 1207 8‘'
1393 1145 1472 1222 19”’,

191 1264 223 1316 et
238 1253 277 1318 7‘'
292 1253 372 1314 49”’.

234 1358 412 1422 Globorum
428 1359 522 1446 igitur
536 1360 607 1422 aiire
623 1356 788 1441 plenorum
810 1357 944 1442 quintus,
968 1357 1121 1423 diametro
1142 1359 1311 1446 digitorum
1333 1360 1470 1446 quinque

190 1466 329 1552 pondere
342 1489 512 1554 granorum
528 1475 590 1529 483
606 1477 812 1541 constructus,
828 1466 939 1529 cecidit
953 1479 1092 1551 tempore
1108 1471 1147 1532 8''
1164 1471 1242 1547 19’”,
1264 1468 1470 1535 describendo

190 1577 381 1641 altitudinem
396 1577 512 1661 pedum
527 1582 601 1638 990.
646 1571 680 1656 (¹)
698 1573 827 1636 Pondus
841 1596 930 1659 aqnae
944 1574 1017 1637 huic
1036 1575 1132 1660 globo
1153 1578 1280 1661 aequalis
1300 1590 1346 1640 est
1365 1585 1470 1642 16600

189 1707 374 1772 granorum
396 1698 428 1747 et
441 1682 565 1768 pondus
580 1680 660 1744 a‘eris
675 1679 777 1744 eidem
796 1681 924 1766 equalis
939 1693 986 1744 est
1005 1679 1095 1760 188ῧο
1111 1704 1200 1768 gran.
1216 1705 1269 1746 seu
1288 1685 1367 1763 l9r³n
1381 1704 1470 1770 gran.

190 1791 322 1877 ideoque
333 1789 456 1875 pondus
470 1788 556 1875 globi
570 1786 604 1848 in
618 1805 717 1848 vacuo
731 1797 777 1848 est
793 1787 895 1866 ⁵02r’o
910 1808 999 1873 gran.
1015 1800 1046 1851 et
1060 1788 1120 1851 hoc
1139 1788 1263 1872 pondus
1276 1801 1323 1853 est
1336 1790 1377 1853 ad
1392 1811 1471 1873 pon·

189 1899 247 1963 dus
262 1901 341 1963 aiiris
355 1900 451 1987 globo
465 1896 603 1983 aequalis,
620 1904 655 1956 ut
670 1895 772 1974 502&
789 1893 828 1956 ad
846 1896 935 1978 1913„
956 1894 1044 1958 etita
1059 1908 1131 1959 sunt
1145 1904 1165 1959 9
1184 1896 1210 1959 F
1225 1897 1265 1960 ad
1280 1909 1352 1960 octo
1366 1898 1472 1960 tertias

188 2021 292 2093 partes
302 2008 445 2072 diametri
456 2007 553 2092 globi,
570 2007 603 2071 id
614 2019 670 2084 est,
686 2003 728 2070 ad
745 2007 803 2084 183
819 2002 941 2089 digitos.
979 2003 1075 2068 Unde
1089 2011 1110 2066 9
1128 2005 1154 2067 F
1168 2005 1324 2088 prodeunt
1338 2015 1378 2071 98
1393 2006 1465 2091 ped.

191 2126 226 2178 11
246 2116 310 2200 dig.
355 2113 480 2178 Globus
502 2113 644 2177 cadeudo
664 2113 698 2175 in
719 2131 827 2186 vacuo,
849 2120 917 2172 toto
937 2131 994 2173 suo
1015 2109 1154 2193 pondere
1169 2112 1271 2191 502&
1290 2134 1470 2198 granorum,

188 2237 329 2308 tempore
343 2224 455 2287 minuti
469 2223 561 2288 unius
576 2222 705 2288 secundi
719 2219 867 2284 describit
880 2217 995 2305 digitos
1012 2220 1091 2296 1933
1108 2232 1144 2281 ut
1159 2240 1262 2302 supra,
1285 2233 1317 2283 et
1331 2220 1471 2304 pondere

188 2340 251 2394 483
274 2353 364 2417 gran.
386 2330 532 2394 describit
553 2331 667 2418 digitos
690 2337 761 2407 186,
775 2335 848 2404 905,
871 2339 903 2390 et
917 2325 1026 2389 eodem
1041 2325 1181 2409 pondere
1196 2335 1258 2390 483
1273 2349 1362 2414 gran.
1378 2329 1471 2392 etiarn

187 2439 220 2501 in
242 2460 340 2502 vacuo
361 2439 508 2503 describit
528 2439 661 2523 spatium
678 2439 774 2502 Fseu
791 2444 830 2498 rt
844 2432 917 2518 ped.
933 2438 973 2514 61
989 2432 1053 2519 dig.
1077 2433 1116 2515 (⁸)
1133 2444 1272 2515 tempore
1294 2435 1364 2500 57²⁰
1380 2436 1470 2512 58'‘''‚

188 2558 219 2608 et
236 2545 427 2610 velocitatem
443 2546 610 2609 maximam
624 2545 755 2631 acquirit
769 2541 902 2629 quicum
916 2540 1015 2624 possit
1029 2540 1061 2602 in
1075 2543 1146 2604 aiire
1161 2539 1358 2604 descendere.
1397 2540 1471 2606 Hac

186 2652 347 2716 velocitate
361 2653 484 2739 globus,
500 2666 640 2737 tempore
655 2655 693 2720 8⁰
711 2653 788 2727 19”’,
811 2649 966 2714 describet
986 2649 1118 2732 spatium
1133 2649 1249 2731 pedum
1264 2657 1326 2714 945
1342 2662 1374 2715 et
1388 2648 1470 2736 digi-

185 2768 288 2820 torum
305 2760 354 2837 5l.
399 2759 499 2823 Aufer
516 2768 544 2836 1,
557 2769 641 2826 3863
659 2760 686 2823 F
701 2781 755 2822 seu
770 2765 813 2822 90
826 2756 898 2841 ped.
915 2760 956 2836 ol
972 2755 1037 2840 dig.
1053 2767 1084 2818 et
1098 2755 1269 2819 manebunt
1283 2764 1345 2818 995
1361 2756 1433 2840 ped.
1449 2765 1480 2822 5,

185 2863 248 2950 dig.
287 2864 361 2929 Hoc
377 2868 510 2950 spatium
525 2866 619 2952 igitur
633 2866 745 2953 globus
760 2878 900 2949 tempore
916 2865 955 2928 8²¹
973 2864 1051 2939 19”’,
1067 2862 1208 2926 cadendo
1223 2862 1399 2928 describere
1414 2862 1469 2928 da·

185 2969 254 3032 buit
268 2992 325 3053 per
339 2971 502 3033 theoriam.
546 2971 721 3052 Descripsit
742 2969 817 3034 verb
839 2968 972 3052 spatium
993 2975 1056 3032 909
1071 2967 1188 3051 pedum
1203 2989 1260 3052 per
1274 2967 1469 3051 experimen·

186 3087 262 3137 tum.
308 3076 494 3139 Differentia
508 3075 694 3138 insensibilis
709 3088 765 3138 est.

232 3181 389 3245 Similibus
404 3182 558 3266 computis
572 3182 613 3245 ad
629 3182 763 3268 reliquos
777 3180 870 3246 etiam
884 3177 995 3264 globos
1006 3179 1077 3244 aiire
1087 3180 1196 3265 plenos
1207 3180 1378 3266 applicatis,
1395 3203 1468 3245 oon-

186 3293 244 3357 feci
260 3294 396 3358 tabulam
411 3305 599 3379 sequentem.

221 3525 253 3589 (r)
272 3530 284 3557 e
303 3530 399 3578 Pondus
420 3544 487 3592 σφω
507 3531 561 3578 iuis
580 3531 642 3591 globo
662 3529 757 3592 aepualis
777 3537 810 3576 a
841 3526 1208 3652 483†¹lfn⁸ffl8'¹⁰·5⁰²
1249 3535 1466 3597 ,etboopondur

188 3595 268 3640 16600
275 3609 411 3666 panon-m·
440 3592 531 3640 Gl⁰b¹¹⁸
541 3609 635 3655 11110118
645 3593 713 3655 “iim
722 3593 809 3639 dim*
841 3618 876 3655 ett
885 3606 915 3654 ad
925 3622 972 3668 pon
989 3622 1017 3652 na
1027 3604 1084 3651 eun
1090 3603 1160 3666 globo
1169 3618 1234 3666 equa
1245 3603 1271 3660 ἰ,
1283 3602 1306 3649 id
1313 3613 1355 3656 est,
1364 3601 1465 3648 denum

186 3663 222 3701 ter
232 3664 266 3701 est
277 3668 352 3701 unius
359 3655 425 3716 digiti
434 3657 536 3703 continet
552 3672 623 3718 grana
641 3656 809 3718 139,8(987),
841 3670 913 3734 globi,
935 3670 954 3716 ςί
972 3671 1131 3732 homogeneur
1148 3666 1257 3731 fingetur,
1278 3665 1308 3713 ed
1329 3664 1466 3712 densitatem

186 3728 209 3764 et
228 3719 351 3782 globorum
370 3721 573 3782 bomogeneorum.
596 3719 698 3780 pondera
712 3729 767 3766 runt
782 3728 810 3766 ut
841 3749 906 3805 ἠὼ,
925 3759 953 3796 m
968 3734 1054 3813 509&
1065 3747 1095 3795 ,d
1112 3733 1180 3812 μή
1191 3751 1255 3795 “534
1266 3756 1322 3794 um
1339 3746 1396 3799 ῃ,
1412 3743 1466 3800 330„

186 3781 351 3829 diametromm
367 3784 428 3839 cubi,
445 3794 468 3830 ct
482 3794 600 3843 propterea
611 3794 637 3830 ut
650 3789 658 3830 l
674 3784 704 3830 ad
719 3789 762 3832 195
778 3782 809 3829 ita

186 3856 241 3892 sum
260 3852 337 3901 1398
353 3863 427 3909 grana
442 3847 472 3893 ad
489 3847 580 3906 pondus
590 3848 652 3911 globi
663 3847 730 3908 aquei
741 3847 809 3894 cu'us

186 3908 298 3957 dimeter
313 3920 349 3958 est
358 3911 485 3974 digitorum
497 3916 520 3966 5,
536 3911 599 3973 quod
611 3911 706 3988 proinde
716 3925 746 3971 po
779 3926 808 3958 us
873 3927 907 3990 (ι)
919 3933 973 3976 992
985 3931 998 3957 ο
1015 3929 1123 3988 pm
1134 3924 1184 3972 W
1196 3923 1261 3971 58''''.
1298 3920 1355 3968 Hoc
1366 3929 1466 3978 mm

187 3973 810 4099 mistim
840 3986 1465 4114 rerumgestarum

187 4098 217 4143 ad
227 4098 362 4176 densitatem
374 4102 433 4149 neris
444 4112 471 4148 ut
483 4108 530 4176 860
540 4102 570 4150 ed
581 4107 600 4149 1.
630 4103 709 4156 Quare
718 4099 811 4176 pondus
843 4117 927 4180 3101,OE
943 4117 1011 4179 c„jm
1026 4116 1137 4162 dim„
1146 4119 1206 4162 025
1222 4112 1288 4174 digit,
1300 4123 1323 4159 ,η
1334 4109 1425 4172 pondu.
1441 4108 1466 4157 ln

187 4161 251 4221 globi
269 4177 327 4211 aena
342 4165 455 4213 diametro
473 4165 601 4228 digitomm
620 4170 635 4213 5
652 4164 760 4225 dempti
775 4173 810 4212 est
841 4182 894 4228 ,3oe
912 4194 978 4243 gno,
997 4186 1052 4236 483,
1071 4189 1175 4238 empore
1190 4177 1335 4224 minutorum
1351 4172 1464 4223 necundo.

193 4223 283 4304 ¹p⁶ffiss⁰
303 4231 426 4309 1901θή
438 4261 503 4306 gran.
517 4261 587 4308 quarn
598 4243 708 4305 proxime.
744 4244 810 4292 Hine
841 4259 895 4291 rum
911 4242 1137 4307 quinquedereribet
1146 4241 1247 4302 mdum
1261 4246 1305 4288 194
1314 4237 1402 4352 pedum
1419 4237 1464 4284 eir-

187 4304 279 4362 pondus
290 4304 353 4369 globi
364 4307 428 4354 vitrei
439 4310 491 4356 edre
501 4309 564 4371 pleni
575 4310 600 4356 in
611 4325 684 4358 vetuo
698 4318 732 4356 ast
741 4320 807 4372 gran.
841 4307 905 4365 citer,
916 4318 940 4355 et
947 4306 1031 4355 deinde
1039 4305 1153 4355 ridebitur
1160 4304 1306 4355 uniformiter
1330 4301 1461 4351 utendae

841 3823 924 3861 omre
934 3822 1013 3874 patent
1023 3822 1050 3858 ut
1060 3813 1085 3857 in
1099 3811 1256 3873 superioribus
1266 3807 1368 3856 calculis·
