3322 5738
187 432 228 489 oe.
479 371 482 375 ’
523 416 856 486 nnnosomnen
879 413 1146 482 nannenus
1188 411 1297 490 [nor.
1313 411 1459 477 cosma.

679 872 861 948 SECTIO
886 872 957 945 III.

184 1075 243 1147 De
267 1086 359 1146 motu
382 1097 561 1168 corporum
587 1073 704 1167 quibos
727 1073 896 1144 resistitur
907 1072 1036 1166 partim
1052 1071 1087 1143 in
1103 1070 1235 1143 ratione
1256 1071 1454 1158 nocetne,

471 1191 603 1284 partim
619 1192 655 1261 in
671 1189 816 1283 q'nsdenz
831 1190 963 1261 ratione
979 1189 1160 1283 duplicato.

424 1471 705 1538 PROPOSI'I’IO
727 1471 789 1536 XI.
834 1470 1102 1536 THEOREMA
1125 1471 1220 1535 VIII.

84 1680 87 1692 '
182 1663 219 1728 Si
239 1666 358 1745 corpori
379 1664 529 1726 resistitur
544 1665 660 1745 partim
675 1665 712 1726 in
722 1665 842 1726 ratione
854 1665 1025 1740 velocitatis,
1042 1665 1208 1745 partimin
1221 1664 1386 1726 velocitatis
1404 1685 1456 1723 ro·

129 1846 133 1851 .
226 1773 309 1835 tiorte
323 1769 489 1851 duplicati,
511 1779 542 1832 et
557 1773 635 1832 idem
647 1769 711 1834 sort
724 1771 755 1833 oi
770 1769 861 1833 irent
877 1772 909 1832 in
922 1771 1017 1832 medio
1030 1771 1159 1832 similari
1172 1779 1316 1831 movetur.-
1338 1791 1457 1830 minon-

227 1885 278 1937 tor
292 1885 389 1938 antem
403 1885 536 1956 temporo
552 1877 586 1937 in
601 1876 808 1957 progressione
828 1873 1037 1946 arithmeticei,·
1061 1876 1241 1957 quantitates
1256 1876 1457 1937 velocitatibns
1479 1857 1482 1867 ¹

227 1981 374 2065 reciproci
382 1985 632 2064 proportionales,
649 1981 722 2047 dato
738 1980 865 2066 quddam
875 1984 1044 2064 quontitate
1053 1992 1157 2057 aucte,
1175 1992 1261 2044 nunt
1272 1984 1305 2044 in
1313 2003 1456 2066 progres-

226 2093 308 2153 sione
318 2089 505 2173 geometrici.

229 2280 346 2342 Centro
362 2278 399 2354 C,
415 2280 594 2364 asymptotis
609 2279 792 2366 rectangulis
808 2279 876 2343 CA
892 2280 925 2343 D
940 2279 962 2342 d
977 2291 1007 2344 et
1023 2280 1051 2343 C
1067 2279 1113 2355 H,
1136 2279 1325 2343 describatur
1339 2280 1453 2364 hyper-

183 2384 256 2448 bole
272 2385 300 2448 B
316 2386 344 2448 E
359 2408 386 2460 e,
402 2398 433 2447 et
447 2397 621 2470 asymptoto
637 2385 665 2447 C
681 2385 717 2447 H
733 2385 887 2468 parallelae
898 2387 959 2449 sint
973 2388 1004 2449 A
1019 2385 1057 2464 Β,
1075 2386 1108 2449 Ι)
1126 2385 1163 2462 Ε,
1179 2385 1201 2448 d
1215 2408 1242 2449 e.
1279 2386 1318 2450 In
1331 2408 1452 2471 esymp-

184 2502 251 2552 toto
269 2490 296 2551 C
311 2489 344 2551 D
359 2488 471 2551 dentur
485 2502 601 2572 punctu
616 2490 655 2564 A,
675 2489 724 2551 G:
748 2489 817 2551 etsi

190 2608 311 2679 tempus
332 2609 505 2679 exponatur
519 2617 576 2678 per
590 2617 693 2658 aream
707 2595 818 2680 hyper-

184 2701 316 2764 bolicam
340 2707 371 2765 A
388 2701 416 2766 B
433 2701 461 2765 E
476 2702 509 2764 Ι)
533 2702 724 2766 uniformiter
738 2725 818 2766 cres-

184 2822 320 2882 centem3
343 2809 413 2872 dico
435 2809 518 2894 quod
540 2809 684 2872 velocitas
705 2810 819 2892 exponi

183 2929 286 3001 potest
299 2939 354 3000 per
376 2918 603 3004 longitudinem
623 2918 656 2981 D
674 2917 709 2995 F,
733 2919 818 3001 cujus

185 3024 344 3107 reciproca
361 3024 394 3087 G
409 3024 443 3087 D
467 3025 528 3087 unis
550 3046 619 3086 cum
642 3023 714 3087 datis
742 3023 769 3087 C
785 3023 818 3086 G

183 3144 348 3214 componet
363 3130 586 3217 longitudinem
603 3130 630 3194 C
647 3132 678 3194 D
694 3132 726 3192 in
745 3151 818 3213 pro·

184 3236 342 3323 gressione
356 3237 542 3323 geometricis
558 3250 752 3300 crescentem.

229 3345 277 3408 Sit
301 3344 381 3408 enirn
407 3343 510 3408 creole
533 3343 567 3407 D
588 3343 686 3407 Eed
711 3344 818 3407 datum
886 3362 909 3414 c
1036 3362 1063 3413 G
1102 3363 1137 3418 Α

860 2549 887 2596 ΙΙ

183 3455 330 3538 temporis
356 3457 578 3519 incrementum
608 3452 699 3540 quim
724 3456 814 3516 mini-

182 3581 278 3635 mum,
309 3560 347 3643 (⁸)
374 3561 486 3624 eterit
510 3560 581 3623 Dd
601 3559 758 3644 reciproci
781 3572 816 3622 ut

164 3746 168 3750 .
183 3684 216 3747 D
233 3684 270 3760 E,
297 3684 427 3770 ideoque
441 3683 556 3749 directe
571 3698 606 3748 ut
627 3685 655 3748 C
670 3685 713 3748 D.
758 3684 859 3767 Ipsius
874 3652 1078 3808 autemciss
1102 3681 1340 3751 decrementum,
1365 3671 1450 3759 quod

691 3856 757 3920 no
964 3854 1040 3917 cn
1160 3847 1452 3946 ce÷eoid

183 3895 221 3977 (Ι)
239 3900 307 3978 (per
321 3895 412 3980 hujus
427 3896 515 3960 Lem.
532 3896 590 3975 II.)
606 3908 653 3960 est
668 3940 796 4021 (ΠΥ,
820 3894 878 3956 erit
892 3906 926 3956 ut
938 3941 1062 3978 7..-
1084 3914 1138 3954 seu
1161 3929 1400 3961 ---.-,

942 3955 1061 4039 (1Dq
1217 3950 1332 4032 GDq

496 4147 529 4209 D
566 4132 574 4147 .
619 4085 719 4170 Igitur
739 4096 877 4168 tempore
892 4083 923 4146 A
939 4080 968 4145 B
983 4080 1012 4143 E
1027 4080 1060 4143 D
1081 4101 1137 4163 per
1158 4075 1345 4140 additionem
1364 4072 1453 4137 deta·

214 4329 249 4394 (¹)
262 4335 274 4359 0
288 4332 484 4378 Eterithreer'
558 4336 660 4381 utun.
688 4333 802 4380 Estenim
834 4327 1456 4439 proceutD5320dpermeor.1v.deuypas)

184 4394 262 4442 neoto
279 4408 414 4441 “ursaceus
432 4394 456 4439 D
502 4394 542 4440 ed
558 4396 653 4457 nqurlis
671 4397 804 4457 recungulo
834 4396 914 4444 dutum
931 4409 966 4443 est
982 4405 1090 4456 remugit
1102 4409 1142 4439 um
1160 4395 1180 4440 C
1194 4393 1218 4438 D
1231 4398 1255 4447 Χ
1272 4392 1295 4437 D
1308 4392 1339 4444 E·
1356 4391 1457 4448 Pfflifflst

186 4459 211 4506 D
224 4459 246 4505 E
260 4465 284 4514 χ
300 4455 358 4511 Do,
375 4456 445 4516 quod,
463 4459 493 4502 ob
508 4456 588 4504 datum
603 4459 712 4517 temporis
729 4460 802 4506 incre·
837 4460 903 4515 CI),
920 4470 955 4506 est
970 4457 1120 4523 reciprocdut
1133 4457 1157 4502 D
1170 4454 1343 4517 E5qunrierit
1355 4453 1457 4501 Dddi·

183 4531 297 4577 mmmm,
308 4521 351 4567 erit
361 4529 387 4565 ut
397 4520 512 4581 quantitas
523 4521 584 4576 dcta,
595 4532 618 4567 ei
629 4519 682 4568 ideo
694 4522 753 4578 Del,
769 4533 803 4569 est
834 4523 932 4570 rectem
947 4523 968 4569 C
981 4523 1013 4568 D.

183 4595 210 4631 ut
220 4585 336 4649 quintius
349 4583 402 4631 dete
411 4582 482 4630 dirisi
498 4598 538 4644 per
556 4585 581 4632 D
594 4585 624 4641 E,
644 4584 669 4632 id
685 4596 725 4640 est,
746 4586 802 4632 reci·
866 4586 900 4650 (Ι)
913 4590 932 4653 '-
939 4590 985 4636 Per
994 4585 1065 4646 injus
1076 4585 1173 4632 Lemma
1184 4584 1219 4632 11.
1241 4581 1292 4628 Cu
1306 4585 1329 4625 4·
