3322 5738
143 406 430 486 LraasSacuun.]
463 405 702 472 Pnluclrla
727 404 1096 475 MATHEMATICA.
1368 421 1428 479 135

142 579 198 643 Sin
222 599 336 660 corpus
351 600 369 639 a
385 578 414 638 vi
429 576 481 640 illa
504 589 651 664 urgeatur
672 576 779 652 levius,
804 574 978 639 differentia
1001 575 1113 639 virium
1134 597 1193 660 pro
1209 578 1238 640 ri
1255 580 1426 667 centrisugir

139 684 246 749 haberi
262 684 365 747 debet.

184 797 282 859 Carol.
299 802 328 858 9.
375 791 457 856 Cirm
473 805 576 856 autern
601 793 698 857 fluida
719 791 890 876 premendo
916 814 1048 876 corpora
1070 792 1188 857 inclusa
1211 816 1275 858 non
1305 810 1427 862 mutent

138 921 247 966 eorum
270 899 386 984 figuras
412 912 568 975 externos,
598 913 684 983 patet
709 899 837 982 insuper
861 904 931 982 (per
956 899 1164 963 Corollarium
1192 901 1287 985 Prop.
1312 904 1425 984 XIX.)

137 1006 221 1093 quod
235 1027 300 1069 non
315 1004 480 1067 mutabunt
502 1006 595 1069 situm
616 1006 751 1089 partium
774 1007 966 1069 internarum
988 1007 1069 1070 inter
1091 1031 1141 1071 se:
1168 1011 1373 1095 proindeque,
1397 1015 1424 1075 si

135 1115 280 1180 attimalia
299 1114 533 1200 immergantur,
560 1128 592 1178 et
614 1116 747 1178 sensatio
770 1115 870 1177 omnis
893 1138 912 1178 a
934 1129 1019 1180 motu
1041 1118 1178 1200 partium
1200 1120 1336 1195 oriatur;
1362 1143 1421 1185 nec

78 1302 82 1321 Ι
135 1226 250 1290 laedent
265 1247 397 1308 corpora
412 1226 566 1302 immersa,
583 1248 641 1289 nec
656 1226 863 1289 sensationem
877 1224 972 1287 ullam
987 1226 1178 1303 excitabunt,
1194 1228 1254 1291 nisi
1269 1229 1421 1313 quatenus

134 1335 203 1397 lraec
218 1354 383 1417 corporae
398 1332 627 1415 compressione
650 1331 834 1395 condensari
848 1344 986 1414 possunt.
1034 1332 1077 1396 Et
1091 1354 1148 1416 par
1164 1348 1210 1397 est
1224 1336 1304 1399 ratio
1320 1338 1420 1420 cnjus·

135 1462 257 1526 cunque
272 1460 439 1524 corporum
455 1438 630 1524 systematis
644 1438 741 1500 fluido
764 1437 987 1533 comprimente
1009 1438 1191 1503 circundati.
1238 1443 1420 1526 Systemotis

134 1563 238 1633 partes
252 1569 358 1610 omncs
374 1545 484 1609 iisdem
499 1545 699 1632 agitabuntur
720 1544 866 1619 motibuS,
889 1565 927 1606 ac
941 1544 968 1605 si
982 1543 1014 1605 in
1029 1566 1127 1608 vacuo
1149 1547 1418 1627 constituerentur,

136 1677 171 1718 ac
186 1654 281 1717 solam
296 1654 465 1716 retinerent
478 1652 662 1738 gravitatem
676 1673 764 1714 suam
780 1651 1031 1734 comparativam,
1048 1651 1107 1714 nisi
1118 1652 1271 1737 quatenus
1286 1657 1417 1721 fluidum

134 1762 181 1825 vel
196 1760 329 1823 motibus
345 1781 452 1823 earum
466 1757 609 1822 nonmh'd
630 1757 761 1834 resistat,
784 1757 832 1819 vel
847 1755 888 1820 ad
903 1755 1030 1824 easdem
1044 1761 1273 1845 compressione
1288 1765 1418 1853 conglu-

137 1868 278 1933 tinandae
294 1866 477 1953 requiratur.

353 2088 635 2175 rnorosrrro
659 2087 758 2154 xxl.
804 2086 1075 2152 rnaonmm
1102 2089 1196 2153 xvi.

132 2274 282 2357 Sitflnidi
303 2271 451 2353 ciijrtsdam
473 2272 604 2334 densitas
624 2269 832 2351 compressioni
848 2261 1097 2347 proportionalis,
1117 2274 1145 2326 et
1154 2273 1261 2344 partes
1275 2265 1335 2347 pits
1349 2290 1369 2327 a
1384 2269 1417 2330 oi

175 2381 339 2462 centripctd
356 2381 509 2443 distantiis
522 2380 583 2442 suis
596 2401 616 2441 a
631 2389 731 2441 centro
740 2372 888 2458 reciproci
895 2376 1123 2457 proportionali
1138 2376 1271 2436 deorsum
1287 2378 1414 2437 tradan-

174 2498 245 2549 tur:
267 2490 334 2550 dico
348 2490 435 2570 qnod,
457 2488 486 2550 si
500 2487 654 2549 distantiae
670 2487 732 2547 illae
746 2493 900 2546 sustantur
914 2477 1052 2543 continue*
1064 2482 1318 2561 proportionales,
1342 2484 1414 2543 den·

171 2599 274 2660 sitates
275 2598 377 2683 fluidi
392 2598 425 2658 in
439 2597 543 2658 iisdem
558 2594 713 2656 distantiis
727 2600 814 2654 ernnt
829 2590 919 2653 atiani
934 2583 1071 2650 continue*
1079 2587 1332 2669 proportionales.

172 2791 325 2878 Designet
338 2791 368 2853 A
378 2789 410 2853 Τ
420 2789 449 2850 V
459 2787 589 2852 fundum
601 2786 787 2871 sphaericum
797 2787 846 2849 cui
854 2783 983 2847 fluidum

129 2898 287 2975 incumbit,
306 2900 495 2974 Semnum,
513 2897 536 2961 S
552 2897 592 2973 A,
615 2898 637 2958 S
654 2896 692 2972 B,
711 2898 733 2958 S
750 2895 787 2970 C,
807 2894 885 2969 SD,
904 2895 926 2957 S
943 2892 983 2968 E,

130 3008 153 3069 S
182 3006 216 3082 1⁴⁸,
254 3009 312 3071 &a
349 3005 509 3070 distantias
546 3001 692 3066 continue
723 2998 980 3084 proportionales.

132 3111 302 3196 Brigantas
324 3109 547 3195 perpendicula
569 3110 600 3172 A
617 3109 664 3184 Η,
690 3109 763 3185 BI,
790 3106 876 3183 CK,
896 3106 927 3168 D
944 3106 983 3181 L,

131 3217 161 3280 Ε
177 3216 225 3294 Μ,
243 3218 270 3281 F
285 3219 327 3295 N,
351 3221 407 3282 &a
431 3238 502 3303 quoe
517 3217 579 3280 sint
592 3231 628 3279 ut
643 3213 810 3277 densitates
836 3210 930 3274 medii
953 3211 984 3272 in

131 3324 204 3388 iocis
220 3326 261 3403 A,
279 3326 318 3404 Β,
336 3326 374 3402 C,
390 3326 434 3402 D,
453 3325 491 3400 E,
510 3324 553 3400 F;
577 3325 616 3408 (⁸)
633 3336 665 3387 et
681 3310 833 3409 specificae
849 3319 984 3409 gravita-

128 3429 679 3555 tesiuiisdemlociseruntutffi,
711 3429 786 3543 Q,
815 3428 892 3492 CK
925 3467 983 3530 &a

594 3533 661 3597 ns
715 3533 777 3596 ns
819 3512 904 3594 aa

665 3637 696 3700 A
710 3636 746 3699 Η
791 3635 818 3698 Β
843 3635 858 3698 Ι
900 3634 927 3697 C
945 3634 977 3696 K

665 3719 758 3801 Π
789 3717 871 3800 B'C’
899 3717 987 3800 CD'

126 3857 183 3920 &a
231 3855 331 3941 Finge
354 3853 490 3938 primdm
516 3852 573 3915 has
598 3848 765 3938 gravitates
789 3845 985 3909 uniformiter

125 3963 299 4026 continuari
315 3962 354 4025 ab
377 3963 408 4025 A
429 3960 470 4023 nd
488 3960 527 4035 B,
544 3982 563 4022 a
578 3958 607 4021 B
623 3957 663 4020 ad
680 3956 718 4033 C,
734 3977 753 4017 a
769 3954 848 4017 Cad
861 3954 904 4029 D,
921 3954 978 4015 διε.

126 4069 214 4134 factis
223 4091 280 4153 per
290 4068 406 4156 gradus
418 4066 623 4131 decrementis
639 4064 672 4125 in
686 4061 811 4146 punctis
829 4061 867 4135 B,
884 4061 921 4133 C,
935 4059 978 4133 D,
1065 4056 1093 4102 Τ

128 3678 166 3765 (⁵)
189 3682 249 3759 tel,
273 3680 359 3769 quod
381 3679 511 3766 perinde
527 3691 583 3757 est,
607 3691 643 3742 ut

158 4245 259 4308 (¹)17a
279 4247 313 4293 Et
329 4247 437 4309 specifica
448 4243 635 4304 matronalis
674 4239 752 4288 nutat
784 4240 814 4287 tis
832 4238 979 4286 scceierstrix
996 4240 1154 4303 conjunctim
1171 4246 1411 4306 quadrantem.

125 4310 188 4356 caim
206 4310 273 4370 cujus
290 4307 388 4370 singule
405 4307 523 4368 particula
541 4308 563 4352 vi
579 4305 697 4369 gravitatis
713 4319 752 4351 ur·
784 4304 848 4351 teria
860 4310 894 4367 (2.
908 4304 961 4351 Lib.
973 4304 1004 4364 1.)
1015 4316 1049 4351 est
1060 4317 1087 4352 ut
1098 4305 1198 4354 densitas
1209 4312 1412 4363 etvoiurnencon-

127 4382 210 4432 gantur
226 4373 327 4434 gravitas
345 4372 452 4432 specifica
469 4382 502 4418 est
521 4382 548 4418 ut
563 4371 664 4417 densitas
679 4381 703 4417 et
718 4369 753 4415 vis
782 4369 892 4431 junctim.
929 4368 1016 4426 Qusrd,
1027 4371 1158 4433 conjunctis
1169 4374 1204 4419 his
1215 4376 1411 4439 rationibusgrs-

127 4436 243 4495 gravitatis
265 4437 412 4482 acceleratrix
434 4435 586 4497 conjunctim.
623 4435 667 4481 Est
688 4433 752 4480 enim
785 4433 843 4481 vitas
865 4433 971 4493 specifica
987 4445 1022 4481 est
1038 4445 1066 4481 ut
1087 4434 1187 4483 densitas
1204 4450 1228 4484 et
1244 4440 1277 4487 ris
1292 4442 1411 4502 gravitati

128 4499 225 4609 μνέες
242 4499 393 4610 φοοίίὶᾛιι
409 4499 501 4559 pondus
511 4497 631 4610 di'oeffi
641 4498 751 4609 wiiffin
784 4498 931 4592 sceplerprrix
941 4499 1100 4576 conjunctim..
1130 4502 1162 4555 Q„
1175 4518 1195 4548 e.
1208 4504 1231 4548 d.
1371 4565 1379 4583 ἱ

127 4574 176 4672 ¹Lrn‘b
195 4563 319 4687 hildilid
329 4562 563 4689 qrrsniiotdidiiiatiprir:
574 4636 598 4673 et
608 4577 752 4689 adcanto:
784 4562 1200 4690 mpmgwtplygpfflppesep:
1211 4568 1335 4688 CDCSCC,
1346 4566 1409 4679 §alp
