3322 5738
301 429 362 486 iss
519 368 525 375 ¹
623 418 965 488 rumosornna
988 420 1262 490 nannenus
1314 422 1599 502 [noscam.

263 606 265 610 “
298 588 387 652 vncui
403 609 442 651 ex
458 586 508 651 his
523 586 709 670 dependeat,
734 600 770 651 ut
785 589 998 672 experimenta
1012 613 1085 656 cum
1099 591 1201 679 globis
1216 603 1248 656 et
1261 591 1404 676 pluribus
1419 604 1452 658 et
1465 593 1596 679 majori·

298 699 357 761 bus
377 709 409 760 et
431 695 530 782 magis
556 696 708 759 accuratis
733 707 936 761 tentarentur.
982 699 1016 763 si
1036 698 1123 784 globi
1143 711 1308 762 sumantur
1330 700 1363 762 in
1388 700 1594 784 proportione

296 802 496 890 geometrici,
523 799 599 885 pud
622 823 756 886 quorum
778 802 921 867 diametri
943 805 1006 869 sint
1026 805 1196 892 digitorum
1212 817 1241 883 4,
1260 817 1289 883 8,
1311 815 1359 885 16,
1378 816 1437 884 823
1464 831 1505 872 ex
1517 830 1593 892 pro-

297 912 456 1000 gressione
471 908 757 994 experimentorum
773 911 937 998 colligetur
951 913 1026 998 quid
1041 913 1074 976 in
1088 913 1189 999 globis
1204 913 1308 978 adhuc
1329 916 1500 999 majoribus
1520 938 1592 981 eve·

297 1021 365 1083 nire
380 1017 502 1083 debeat.
1349 1087 1350 1090 Ἴ

338 1127 410 1191 Jam
424 1125 499 1189 verd
514 1123 703 1188 conterendo
718 1125 907 1190 resistentias
922 1125 1116 1190 diversorum
1130 1126 1299 1191 fluidorum
1313 1127 1395 1191 inter
1410 1150 1455 1206 se,
1470 1129 1589 1194 tentavi

297 1238 467 1322 sequentia.
512 1237 630 1299 Arcam
645 1234 779 1322 ligneam
795 1235 902 1319 paravi
916 1235 1110 1323 longitudine
1124 1236 1242 1320 pedum
1257 1248 1401 1322 quatuor,
1424 1237 1589 1315 latitudine

296 1355 328 1407 et
341 1342 504 1406 altitudine
518 1341 607 1425 pedis
623 1341 723 1404 unius.
769 1340 866 1406 Hanc
881 1343 1030 1426 operculo
1045 1342 1194 1407 nudatam
1208 1343 1335 1427 implevi
1350 1343 1430 1428 aqud
1445 1343 1586 1425 fontemi,

295 1451 415 1536 fecique
431 1463 466 1514 ut
479 1451 625 1513 immersa
638 1447 777 1532 pendqla
791 1449 824 1512 in
838 1449 942 1513 medio
956 1471 1046 1536 squoe
1060 1447 1230 1512 oscillundo
1251 1463 1462 1513 moverentur.
1509 1451 1589 1516 Glo-

296 1561 355 1625 bus
381 1574 485 1625 nutem
511 1560 677 1644 plumbeus
700 1559 841 1643 pondere
868 1561 950 1640 1663
976 1560 1147 1636 unciarum,
1172 1558 1325 1623 diametro
1350 1558 1390 1638 εξ
1418 1558 1589 1645 digitorum

291 1669 478 1734 movebatur
494 1681 528 1731 ut
542 1669 574 1730 in
590 1665 696 1730 tubulis
712 1678 861 1751 sequente
876 1666 1108 1751 descripsimus,
1125 1667 1278 1730 existente
1293 1665 1437 1730 videlicet
1452 1666 1589 1753 longitu-

295 1777 369 1840 dine
383 1775 514 1861 penduli
528 1798 547 1837 a
561 1786 679 1858 puncto
694 1774 905 1859 suspensionis
928 1773 967 1836 ad
990 1785 1141 1857 punctum
1156 1772 1314 1858 quoddam
1330 1773 1363 1835 in
1377 1771 1432 1835 filo
1446 1785 1590 1837 notatum

298 1893 358 1950 126
374 1885 553 1972 digitorum,
571 1883 611 1947 ad
627 1883 826 1946 oscillationis
842 1895 946 1946 autem
961 1894 1104 1945 centrum
1122 1887 1201 1964 1843
1216 1881 1395 1967 digitorum.

295 2056 1028 2224 Amesdesceruuprimoopunctoinfilo}64
1074 2104 1114 2160 32
1161 2105 1199 2160 16
1246 2106 1265 2160 8
1310 2106 1330 2159 4
1375 2105 1395 2160 2
1441 2105 1455 2160 1
1504 2101 1524 2177 q
1570 2099 1590 2178 q

337 2176 441 2228 notato
456 2166 630 2246 descriptio,
648 2165 813 2246 digitorum

295 2271 392 2347 Arcus
405 2292 527 2334 ascensu
546 2269 1030 2438 sdtimodescrsptus,d1'gi·}48
1075 2319 1116 2373 tt
1165 2317 1203 2371 12
1249 2317 1268 2373 6
1315 2318 1334 2371 3
1382 2309 1461 2389 lli·
1507 2313 1587 2393 iile

337 2392 434 2444 torum

294 2486 424 2550 Arctum
440 2485 614 2570 differentia
637 2487 731 2547 motui
744 2487 852 2548 amisso
868 2483 1031 2652 pro}l6
1098 2534 1116 2588 8
1183 2532 1203 2585 4
1247 2531 1267 2585 2
1314 2532 1328 2585 1
1376 2526 1393 2603 q
1440 2523 1460 2601 q
1505 2522 1522 2600 ὲ
1549 2528 1591 2605 1¹!

331 2594 527 2677 portionale,
544 2593 708 2674 digitorum

294 2700 443 2763 Numerus
458 2699 678 2760 oscitationum
693 2697 727 2758 irs
742 2718 823 2780 aqua
1139 2695 1198 2784 ᾗῇ
1248 2703 1286 2782 l}
1316 2706 1334 2759 8
1359 2694 1590 2776 lllilssdlssd

273 2807 444 2879 'Numerus
459 2813 680 2874 oscillationem
696 2813 729 2881 in
743 2815 815 2872 aire
988 2811 1049 2889 85}
1081 2816 1144 2877 287
1179 2815 1240 2871 535

339 2982 377 3046 In
394 2983 608 3066 experimento
623 2981 778 3046 columnoe
794 2992 923 3067 quartae,
946 2991 1050 3043 motus
1065 2978 1201 3065 aequsles
1216 2977 1459 3042 oscillationibus
1474 2983 1538 3041 535
1555 2974 1590 3037 in

295 3094 376 3167 eiire,
393 3105 424 3155 et
442 3095 480 3176 ld
495 3092 526 3154 in
542 3091 622 3178 aqui
638 3092 743 3155 amissi
758 3103 839 3154 sunt.
889 3091 989 3153 Erant
1003 3089 1127 3174 quidem
1143 3087 1350 3152 oscillationes
1365 3084 1397 3148 in
1412 3089 1483 3149 a'e're
1493 3082 1591 3167 paulo

294 3197 457 3262 celeriores
468 3197 562 3283 quim
577 3199 610 3261 in
625 3197 715 3284 aqui.
760 3199 806 3261 At
820 3197 847 3261 si
861 3197 1068 3262 oscillationes
1083 3198 1116 3259 in
1130 3196 1210 3282 aqud
1227 3197 1260 3259 in
1275 3194 1311 3260 eti
1328 3195 1447 3258 ratione
1468 3192 1591 3256 accele-

295 3319 438 3370 rarentur
464 3319 499 3369 ut
521 3317 624 3369 motus
649 3305 859 3390 pendulorum
885 3305 918 3368 in
944 3306 1049 3369 medio
1072 3317 1206 3389 utroque
1231 3304 1343 3368 fierent
1370 3301 1588 3388 aequireloces,

294 3425 434 3476 maneret
448 3435 597 3476 numerus
612 3413 696 3477 idem
710 3412 936 3477 oscillationum
955 3416 993 3496 l}
1008 3413 1040 3476 in
1055 3412 1146 3498 aqui,
1163 3411 1276 3497 quibus
1292 3409 1331 3494 (¹²)
1344 3423 1446 3474 motus
1455 3409 1539 3473 idem
1549 3431 1590 3472 ac

295 3607 384 3671 nifugs
402 3607 550 3655 infinitissime
568 3609 605 3663 sit,
623 3609 714 3656 sicum
733 3608 756 3654 ri
775 3606 823 3670 qud
841 3624 926 3670 corpus
958 3623 1012 3656 vero
1022 3622 1078 3666 non,
1098 3607 1132 3655 its
1141 3606 1285 3669 utquamris
1300 3608 1329 3655 ab
1344 3604 1588 3654 occumntsmsten'e

268 3707 279 3720 .
294 3673 396 3734 spatium
407 3672 501 3718 linitum
512 3682 616 3734 tempora
626 3672 719 3719 infinito
734 3672 849 3730 describit,
866 3687 922 3720 oon·
959 3672 1113 3728 dimoventur,
1135 3671 1194 3718 nihil
1211 3670 1278 3718 tollet
1296 3669 1326 3718 ds
1341 3671 1393 3733 ejus
1409 3680 1490 3728 motu;
1513 3669 1588 3717 simul

294 3736 389 3784 leretur.
957 3746 1038 3784 entem
1049 3735 1158 3782 stsnritur
1168 3734 1231 3797 quod
1240 3734 1264 3781 id
1275 3736 1347 3782 seiher
1357 3747 1479 3794 corporum
1492 3742 1588 3781 msmtm

328 3805 342 3832 ⁰
356 3801 390 3848 Et
399 3799 495 3863 quidem
506 3800 634 3848 resistentia
650 3815 679 3848 ex
695 3801 808 3865 gmritete
820 3801 923 3848 materiae
954 3801 1033 3847 detera
1043 3808 1118 3860 potest
1128 3808 1169 3847 sut
1178 3808 1270 3846 mutare
1284 3797 1511 3860 quomodocumque,
1527 3812 1587 3844 nam

294 3866 436 3913 occurrentis
447 3880 494 3911 non
506 3867 599 3925 pendet,
616 3865 696 3912 seder
708 3866 759 3928 ejus
768 3863 859 3921 mettii,
876 3864 924 3927 qui
955 3865 976 3912 si
987 3865 1059 3911 ether
1069 3863 1100 3910 sit
1109 3862 1227 3925 gravitetis
1242 3878 1312 3910 cause
1327 3872 1418 3923 oportet
1433 3872 1460 3909 ut
1478 3860 1520 3907 ills
1535 3861 1589 3920 ipae

295 3929 322 3976 lit
341 3939 367 3975 ut
386 3929 479 3975 nullum
498 3944 583 3990 corpus
598 3932 628 3976 ab
643 3930 690 3977 elio
705 3940 798 3977 motum
816 3929 925 3990 suscipiet
957 3928 1053 3976 materis
1063 3930 1225 3989 aethereoque
1235 3926 1337 3987 corporis
1352 3926 1410 3972 moti
1425 3925 1516 3973 serione
1532 3940 1587 3972 mo-

295 3993 351 4052 quin
374 3993 519 4040 tantumdem
537 4003 615 4040 motus
632 3993 657 4041 in
677 4009 706 4041 co
726 3994 836 4048 destruat,
855 3994 926 4054 idque
958 4002 1033 4050 venir,
1045 3992 1103 4038 dum
1115 4002 1192 4039 tamen
1203 3991 1392 4053 nihilquicqusm
1403 3989 1433 4036 de
1444 3989 1588 4036 illiusmotu

295 4056 424 4102 mechanici
441 4057 597 4105 communiter
613 4067 719 4106 statuunt
730 4070 777 4105 tam
789 4073 817 4104 er
829 4073 925 4106 conson-
957 4056 1025 4113 tollit,
1043 4056 1115 4117 possit
1125 4055 1184 4103 illud
1196 4056 1258 4103 idem
1269 4070 1353 4115 otsrpus
1363 4054 1382 4100 si
1393 4068 1485 4100 sunum
1496 4052 1588 4099 seretur

295 4131 324 4163 su
335 4119 440 4164 ninnium
448 4135 651 4184 quorumcumque
657 4125 873 4183 phenomenorum,
883 4121 925 4170 ubi
958 4122 1045 4177 sistere,
1063 4121 1089 4167 in
1106 4120 1228 4167 adversum
1247 4120 1299 4182 ejus
1315 4118 1466 4165 directionem
1484 4128 1586 4173 mutue,

295 4181 397 4291 §gerneti
408 4183 525 4243 gravitatis
540 4186 733 4248 consideretions)
751 4187 832 4235 nullus
848 4197 926 4233 motus
958 4187 1000 4233 dte.
1029 4186 1093 4240 Qum
1102 4182 1587 4246 metaphysicdetisminterserepugnars

321 4253 386 4319 ptum
406 4246 556 4303 producendo
573 4264 620 4294 non
636 4252 788 4304 eonsumitur.
808 4266 880 4312 quam
896 4265 925 4297 ex
958 4250 1073 4304 ridentur,
1086 4263 1129 4295 nec
1139 4248 1271 4295 satisfuisse
1282 4262 1394 4307 perpense
1404 4247 1434 4292 sb
1445 4245 1587 4308 ingeniosis-

295 4309 414 4368 pnnctpiis
424 4312 587 4370 metaphysicis
598 4313 645 4373 qui
656 4313 728 4375 liquet
738 4314 801 4376 quod
812 4316 831 4359 si
842 4331 878 4360 res
894 4314 927 4359 its
958 4313 1022 4360 simis
1035 4313 1206 4360 Cartesisnismi
1217 4311 1414 4359 monterione.

295 4385 320 4419 se
337 4386 385 4417 non
401 4373 504 4427 heberet,
525 4374 561 4419 vel
581 4376 692 4423 minimus
710 4388 788 4423 motus
805 4377 924 4422 inlinitum
989 4376 1027 4439 (¹¹)
1041 4381 1053 4408 ⁸
1067 4379 1146 4425 Motus
1156 4380 1216 4423 idem
1226 4392 1253 4424 oc
1262 4379 1329 4437 prius
1340 4379 1490 4423 omitteretur.
1528 4372 1587 4420 Dit-

294 4446 386 4484 motum
406 4435 552 4496 produceret,
571 4448 665 4499 totaque
684 4441 785 4486 universi
804 4441 878 4486 moles
896 4455 924 4486 ex
957 4440 1055 4488 ferentin
1066 4455 1164 4488 arcuum
1175 4440 1250 4486 motui
1262 4439 1348 4486 smisso
1357 4437 1587 4499 proportionalium

293 4501 366 4547 motui
375 4500 704 4561 proffemionedimoreretur,
716 4503 779 4564 quod
787 4504 923 4550 absurdum.
958 4514 985 4551 ut
996 4506 1124 4552 resistentis
1134 4514 1158 4551 et
1167 4503 1307 4565 quadratum
1319 4504 1428 4564 temporis
1438 4501 1586 4564 conjunctim

296 4563 481 4612 Undesiaether
496 4579 544 4612 non
562 4565 684 4622 resisteret,
702 4568 746 4614 hoc
757 4577 791 4614 est
802 4570 823 4613 ri
835 4568 924 4615 inertits
958 4570 1010 4632 (per
1030 4571 1083 4617 Cor·
1097 4574 1121 4617 5.
1140 4568 1208 4616 Lem.
1229 4568 1294 4629 X.);
1313 4567 1354 4614 sed
1372 4576 1441 4614 aucta
1459 4565 1586 4627 peululum

293 4637 387 4685 meret
404 4628 523 4692 degenda
539 4629 618 4678 forent
636 4629 691 4677 dun
708 4631 810 4678 materie
830 4633 924 4693 speeies,
957 4633 1086 4688 velocitate.
1106 4631 1235 4680 mmeritis
1252 4629 1427 4694 quamprosimd
1442 4641 1545 4692 augetur
1559 4629 1587 4676 in

291 4705 394 4755 qum
412 4692 485 4743 altere
503 4693 527 4743 ri
544 4693 639 4743 inertie
656 4694 753 4757 predita
768 4695 834 4754 leret,
854 4697 926 4746 alten
957 4697 1010 4761 ejus
1019 4696 1110 4746 ratione
1120 4693 1239 4759 duplicati
1250 4701 1303 4761 (per
1314 4693 1394 4757 Hyp.)
1411 4705 1435 4744 et
1445 4694 1517 4744 simtd
1528 4709 1586 4758 qus·
